3281 5461
1347 390 1494 490 ‘563

310 609 538 690 Tarsus
587 628 718 712 (bei
766 631 880 688 den
932 629 1353 708 Phalangiden
1402 633 1631 692 Tarsus
1697 631 2225 709 vielgliederig¹)‚
2289 633 2385 692 bei
2448 633 2566 693 den

313 736 728 798 Chernetiden
777 739 890 798 das
914 737 1414 817 Krallenglied2)
1458 737 1932 822 verkiimmert),
1982 734 2331 800 anderseits
2375 740 2566 800 durch

312 845 408 906 die
439 845 593 905 Zahl
640 845 749 905 der
786 845 1168 906 Fussklauen
1220 846 1352 927 (bei
1400 846 1516 905 den
1556 845 1981 924 Phalangiden
2032 845 2169 907 sind
2209 847 2307 907 die
2349 847 2570 908 beiden
2649 844 2652 847 ’

311 954 591 1014 hinteren
641 953 1025 1031 [Beinpaare]
1076 1000 1089 1014 .
1121 1000 1134 1013 .
1166 1000 1179 1014 .
1228 953 1340 1014 mit
1388 954 1532 1019 zwei
1576 999 1589 1013 .
1623 1002 1633 1013 .
1668 1001 1680 1014 .
1725 953 1979 1015 Krallen
2023 1001 2036 1014 .
2068 1002 2081 1015 .
2113 1002 2126 1015 .
2165 953 2560 1037 versehen).·

313 1052 555 1121 Tamen
602 1059 990 1139 Opilionibus
1048 1060 1486 1139 Palpatoribus
1557 1059 1762 1143 (velut
1831 1061 2221 1141 Opilionibus
2291 1062 2570 1123 omnibus

314 1166 657 1250 Bohemiae)
723 1167 944 1246 singuli
1003 1169 1194 1247 pedes
1253 1168 1546 1247 gressorii
1604 1170 1909 1245 unguibus
1972 1169 2228 1249 singulis
2285 1170 2568 1230 instructi

313 1284 475 1349 sunt,
515 1283 578 1336 et
604 1274 1042 1336 Laniatoribus
1079 1285 1339 1349 tantum,
1384 1295 1534 1356 quos
1573 1268 1969 1338 doctissimus
1998 1278 2263 1338 Stecker
2301 1286 2572 1338 ceterum

313 1383 676 1462 cognovisse
724 1402 844 1443 non
890 1370 1165 1457 videtur,
1235 1384 1428 1462 pedes
1487 1384 1782 1462 gressorii
1829 1386 1997 1464 paris
2045 1385 2213 1445 tertii
2262 1393 2325 1446 et
2372 1386 2573 1464 quarti

314 1490 658 1570 unguiculis
705 1491 865 1552 binis
914 1491 1201 1553 instruct-i
1251 1499 1412 1552 sunt.

487 1598 764 1679 Denique
814 1607 1126 1660 structura
1186 1598 1506 1678 palporum
1557 1599 1905 1661 Gibbocelli
1964 1577 2177 1661 eadem
2241 1609 2369 1674 est,
2441 1616 2572 1680 quae

314 1707 692 1786 Opilionum.
1506 1692 1507 1695 Ἴ
2564 1780 2576 1789 ‚

481 1817 580 1877 Ex
634 1817 730 1876 bis
790 1815 953 1876 notis
1011 1814 1214 1894 magni
1275 1816 1566 1877 momenti
1625 1814 1954 1876 manifeste
2019 1815 2253 1890 elucet,
2326 1817 2608 1877 Gibbo-·

315 1924 534 1984 cellum
584 1916 776 1984 ordini
825 1923 1211 2002 Opilionum,
1277 1932 1340 1984 et
1388 1925 1730 2003 praesertim
1782 1923 2098 1984 subordini
2143 1925 2566 2002 Palpatorum,

313 2032 783 2094 adscribendum
835 2050 997 2106 esse,
1047 2033 1157 2092 sed
1204 2033 1287 2092 ad*
1321 2030 1592 2093 ordinem
1623 2030 2142 2094 Chelonethorum
2184 2027 2350 2091 nullo
2389 2033 2568 2092 modo

320 2140 534 2201 referri
579 2159 786 2219 posse.
1490 2129 1496 2135 ’

480 2338 747 2425 Illustris
804 2338 1053 2400 Thorell
1117 2339 1533 2412 demonstrat,
1602 2338 1720 2400 hoc
1788 2358 1978 2417 genus
2039 2339 2201 2399 notis
2259 2339 2430 2400 hisce
2491 2341 2568 2400 ab

312 2446 702 2526 Opilionibus
762 2422 1126 2507 abhorrere:
1197 2445 1308 2508 »1⁰
1354 2445 1619 2523 Organis
1680 2447 1862 2508 nendi
1922 2447 2245 2524 praeditum
2294 2453 2424 2519 est,
2488 2448 2568 2507 ad

246 2616 253 2621 ,
311 2555 485 2616 basin
531 2556 765 2621 ventris
815 2555 951 2615 sitis
968 2575 984 2628 ;
1046 2553 1126 2633 2⁰
1174 2552 1504 2632 Spiracula
1549 2556 1681 2633 ejus
1731 2534 2021 2633 quattuor
2068 2562 2231 2626 sunt,
2280 2574 2398 2614 non
2448 2555 2566 2615 duo

306 2673 577 2736 tantum;
627 2661 706 2726 3⁰
744 2662 968 2723 Omnia
1014 2669 1336 2743 segmenta
1375 2643 1792 2722 abdominalia
1828 2661 2367 2723 articulationibus
2403 2662 2565 2722 veris

307 2781 601 2851 separata
671 2780 847 2845 sunt;
915 2770 996 2835 4⁰
1056 2771 1243 2833 Coxae
1309 2790 1520 2831 omnes
1579 2772 1915 2833 secundum
1964 2771 2227 2831 medium
2287 2772 2565 2849 corporis

308 2881 737 2960 contmgentes
763 2880 927 2940 inter
966 2900 1054 2952 se,
1102 2879 1267 2944 nullo
1317 2879 1518 2957 spatio
1569 2880 1826 2940 sternali
1863 2880 2219 2958 disjunctae3
2268 2877 2568 2942 5⁰Lobis

306 2988 733 3049 maxillaribus
783 2997 1000 3048 carent
1046 2993 1255 3061 coxae;
1327 2985 1406 3049 6⁰
1452 2986 1826 3047 Mandibulae
1875 2988 2221 3066 [Antennae]
2269 2995 2568 3066 porrectae

312 3103 475 3169 sunt,
523 3115 642 3156 non
692 3096 981 3169 deflexae3
1044 3095 1120 3157 7⁰
1165 3094 1438 3155 Maxillae
1486 3092 1683 3155 forma
1729 3102 1792 3155 et
1836 3075 2174 3154 directione
2224 3102 2368 3155 sunt
2413 3113 2567 3154 cox-

308 3207 538 3263 aru'm.‹·
650 3202 827 3277 Quae,
879 3202 930 3263 si
975 3202 1064 3264 ill.
1116 3201 1363 3274 Thorell
1415 3201 1710 3276 dixisset,
1783 3202 1908 3262 suis
1957 3222 2022 3263 se
2072 3202 2266 3264 oculis
2312 3202 2565 3276 vidisse,

308 3311 664 3372 tacuissem.
739 3305 888 3384 Sed',
938 3330 1049 3372 nec
1076 3310 1322 3372 Thorell
1361 3329 1473 3372 nec
1515 3329 1625 3389 ego
1662 3310 1779 3371 hoc
1816 3293 2246 3371 animalculum
2282 3310 2564 3372 vidimus*

307 3420 522 3499 Itaque
572 3420 736 3493 dico,
783 3419 871 3480 ill.
911 3418 1159 3480 Thorell
1207 3439 1435 3505 errare,
1484 3439 1602 3479 non
1652 3418 1983 3492 videntem,
2034 3418 2569 3496 Gibbocellu1n‚‚a

309 3527 671 3588 doctissimo
721 3528 987 3589 Stecker
1034 3529 1447 3606 descriptum,
1509 3535 1845 3587 monstrum
1909 3546 2069 3587 esse.
2185 3527 2322 3586 Non
2381 3545 2562 3586 max-

306 3634 470 3708 illas,
521 3635 632 3695 sed
678 3629 855 3695 lobos
903 3634 1261 3695 maxillares
1311 3654 1602 3695 coxarum
1654 3634 1833 3713 primi
1881 3611 2049 3712 pari-s
2089 3634 2355 3694 Stecker
2387 3633 2562 3705 vidit,

308 3763 461 3822 quas
511 3742 866 3805 »maxillas«
924 3742 1224 3822 appellat.
1330 3743 1469 3803 Non
1516 3761 1656 3802 raro
1705 3741 1952 3802 difficile
2002 3751 2101 3803 est
2144 3742 2300 3813 visu,
2364 3750 2561 3801 utrum

366 3995 418 4065 1)
489 4000 791 4070 Speciebus
841 4001 1165 4073 quibusdam
1213 3999 1433 4069 generis
1459 4000 1687 4069 Troguli
1736 3999 1913 4067 (velut
1938 4000 2023 4054 Tr.
2074 3999 2313 4051 albicero
2344 4000 2434 4052 W.
2476 3999 2560 4067 S.)

477 4093 535 4139 et
581 4092 917 4154 metatarsus
965 4095 1023 4140 et
1066 4093 1253 4139 tarsus
1301 4084 1514 4138 indivisi
1563 4092 1711 4138 sunt.

365 4164 417 4239 2)
483 4172 795 4226 Particula.
866 4192 987 4245 quae
1045 4189 1080 4225 a
1133 4175 1278 4224 doct.
1331 4171 1564 4225 Stecker
1620 4170 2087 4225 »verkiimmertes
2133 4158 2550 4239 Krallenglied«

477 4257 565 4309 hic
611 4256 940 4319 nominatur,
987 4277 1094 4311 non
1141 4257 1408 4310 articulus
1456 4257 1681 4309 tarsalis
1731 4265 1837 4318 est,
1886 4260 1980 4310 sed
2027 4274 2178 4324 apex
2222 4273 2577 4336 permagnus

478 4343 695 4395 articuli
766 4344 937 4396 ultimi
1014 4344 1388 4411 »plantulam«
1457 4343 1672 4403 ferens»,
1744 4342 2071 4412 prominens,
2204 4342 2561 4411 (Inspiciatur

478 4434 756 4481 tractatus
803 4446 956 4481 meus
1016 4430 1149 4481 »Om
1197 4428 1526 4500 Bygningen
1574 4428 1639 4481 af
1680 4428 2203 4499 Gonyleptiderne.«
2260 4446 2316 4496 p.
2359 4427 2454 4479 121
2504 4433 2559 4479 et

477 4513 593 4567 122.
642 4514 778 4566 Tab.
827 4515 872 4576 Ι,
919 4514 1083 4584 Figg.
1131 4515 1164 4567 9
1209 4521 1266 4567 et
1311 4514 1379 4567 10
1405 4514 1485 4583 b)'.

2049 4627 2146 4681 36*
