3281 5461
1297 448 1595 543 „pm-fl

322 650 404 711 Et
447 649 875 728 inspiciantur,
929 670 1060 729 quae
1108 652 1479 712 Treviranus
1530 649 1711 733 (ibid.
1764 672 1822 731 p.
1853 654 1892 717 6
1941 653 2015 713 de
2065 646 2344 728 Aranea‘.)
2394 652 2573 714 dicit:

329 757 430 817 »In
478 757 709 819 meiner
753 759 1040 819 friiheren
1090 760 1504 837 Abhandlung
1552 760 1708 820 habe
1763 760 1862 820 ich
1914 807 1927 821 .
1960 806 2017 819 ..
2069 759 2370 834 bemerkt,
2430 761 2577 821 dass

324 865 420 925 die
469 864 741 944 Spinnen
803 886 1021 927 ausser
1082 868 1198 928 den
1246 867 1506 928 Kiemen
1553 867 1712 931 auch
1760 867 1893 928 eine
1943 868 2060 927 Art
2109 866 2413 945 Stigmate
2462 869 2575 928 be-

324 972 540 1047 sitzen,
603 992 720 1034 von
767 974 1040 1034 welchen
1088 973 1199 1037 auf
1229 975 1410 1054 Jeder
1457 975 1627 1035 Seite
1678 974 1786 1034 des
1841 978 2113 1054 Korpers
2160 975 2308 1035 acht
2355 976 2575 1054 liegen,

322 1080 450 1142 vier
508 1100 585 1140 an
644 1082 753 1142 der
796 1082 987 1143 Brust
1032 1072 1155 1143 und
1200 1082 1329 1144 vier
1375 1102 1470 1143 am
1520 1081 1924 1143 Hinterleibe.
2032 1083 2219 1143 Diese
2270 1082 2576 1162 Stigniat‘e

322 1188 459 1249 sind
521 1190 663 1249 sehr
722 1190 1118 1252 abweichend
1178 1210 1293 1251 von
1355 1191 1472 1251 den
1529 1188 1933 1251 Luftlochern
2003 1190 2110 1251 der
2165 1192 2422 1271 iibrigen
2466 1192 2572 1252 In-

321 1297 558 1357 sekten.
675 1297 778 1358 Sie
848 1298 1046 1359 haben
1104 1298 1284 1360 keine
1345 1297 1761 1376 Oeffnungen,
1832 1299 1955 1359 und
2014 1317 2082 1358 es
2140 1298 2340 1377 gehen
2396 1299 2574 1360 keine

321 1405 694 1465 Luftrohren
772 1425 882 1466 aus
962 1405 1145 1467 ihnen
1204 1398 1499 1467 hervorp
1590 1407 1697 1466 Ich
1770 1405 1874 1467 bin
1944 1405 2136 1467 daher
2202 1406 2577 1468 zweifelhaft

319 1513 662 1589 geworden,
711 1514 787 1573 ob
836 1512 922 1573 sie
969 1514 1031 1573 in
1083 1515 1192 1574 der
1238 1514 1400 1575 That
1442 1513 2113 1592 Respirationsorgane
2162 1514 2359 1576 sind.‹·

488 1835 667 1897 Sicut
735 1838 864 1916 jam
934 1835 1022 1897 ill.
1082 1836 1328 1898 Thorell
1400 1844 1464 1897 et
1536 1835 1750 1897 Simon
1821 1837 2290 1916 judicaverunt,
2384 1856 2575 1916 genus

316 1943 751 2042 Westwoodiae
801 1943 1047 2005 Cambr.
1099 1964 1215 2006 non
1277 1954 1376 2006 est
1434 1944 1665 2006 ordinis
1713 1944 2102 2023 Opilionum,
2174 1945 2284 2005 sed
2330 1944 2576 2005 Acarus

317 2051 584 2130 quidam.

488 2376 833 2443 Paucarum
864 2383 1131 2449 ,tantum
1191 2377 1536 2454 specierum
1596 2375 1998 2436 Laniatorum
2062 2346 2209 2453 pulli
2269 2383 2377 2435 aut
2430 2375 2569 2435 ani-

318 2482 503 2547 malia
573 2482 999 2544 adolescentia
1048 2488 1212 2543 'nota
1280 2491 1451 2543 sunt:
1522 2481 1940 2560 Phalangodis
2010 2485 2229 2542 armati
2299 2479 2570 2561 Tellk.¹)

318 2591 514 2673 (teste
594 2589 1009 2672 Tellkampt')‚
1102 2590 1356 2669 Pachyli
1439 2589 1748 2668 granulati
1821 2578 1899 2652 C.
1971 2590 2078 2650 L.'
2120 2591 2292 2649 Koch
2374 2586 2570 2670 (teste

319 2699 567 2761 Thorell
631 2699 826 2772 1877,
897 2699 997 2777 qui
1059 2697 1234 2759 arolii
1293 2697 1666 2759 mentionem
1724 2717 1842 2758 non
1900 2695 2108 2772 fecit),
2178 2695 2570 2776 Pachyloidis

322 2807 594 2868 uncinati
630 2807 735 2868 W.
775 2807 865 2879 S„
915 2806 1268 2886 Discocyrti
1314 2805 1650 2884 testudinei
1689 2805 1955 2877 Holmb.,
2005 2804 2279 2866 Cosmeti
2313 2803 2570 2865 Orensis
2644 2871 2651 2880 ‚

317 2917 420 2976 W.
495 2915 598 2988 S„
680 2914 1131 2994 „Collonychiiu
1190 2913 1582 2992 ‘bicuspidati
1643 2912 1876 2973 Bertk.
1961 2912 2156 2994 (teste
2237 2909 2570 2991 Bertkau),

326 3022 880 3101 »Mischonychis«.
930 3001 1227 3100 squalidae
1275 3022 1488 3082 Bertk.
1558 3022 1692 3102 (cui
1762 3011 2247 3081 teste'Bertkau
2314 3019 2570 3104 arolium

318 3129 563 3211 deest),
626 3129 893 3208 Pachyli'
941 3127 1208 3192 aculeati
1256 3128 1482 3207 Kirby,
1545 3128 1899 3207 Discocyrti
1947 3128 2190 3189 dilatati
2234 3147 2293 3188 n.
2345 3146 2439 3205 sp.
2490 3163 2569 3171 —

315 3238 411 3298 Ill.
453 3236 687 3310 Simon,
749 3237 879 3297 sine
923 3235 1103 3296 dubio
1143 3244 1334 3308 recte,
1386 3235 1714 3315 Judicavit,
1775 3235 2232 3313 Phalangodem
2268 3243 2571 3296 armatum

316 3327 514 3406 Tellk.
565 3344 810 3418 familiae
860 3362 984 3404 suae
1023 3342 1626 3422 Phalangodidarum
1677 3363 1847 3417 esse;
1897 3344 1947 3403 si
1993 3335 2187 3420 itaxse
2223 3363 2324 3404 res
2360 3344 2569 3415 habet,

216 3503 223 3508 .
315 3452 831 3531 metamorphosis
871 3454 1091 3513 saltem
1128 3451 1310 3512 trium
1346 3452 1715 3512 familiarum
1750 3452 1931 3530 hujus
1981 3439 2351 3525 subordinis,
2399 3449 2568 3511 Pha-

316 3561 817 3642 langodidarum,
910 3559 1463 3639 Pachyloidarum,
1567 3558 2133 3638 Cosmetoidarum,
2241 3559 2402 3639 quod
2491 3559 2570 3617 ad

319 3689 616 3731 summam
663 3688 791 3730 rem
841 3669 1129 3747 pertinet,
1179 3667 1395 3727 eadem
1442 3675 1557 3728 est.

492 3779 704 3854 Genus
750 3775 1212 3855 Mischonychis
1258 3774 1532 3835 Bertkau
1585 3774 1756 3836 hisce
1806 3765 2010 3836 verbis
2057 3776 2344 3835 definitur
2390 3772 2463 3854 (l.
2515 3770 2583 3834 cs

318 3907 376 3965 p.
420 3884 608 3968 106):
683 3883 1253 3963 ”Cephalothorace
1303 3881 1611 3963 elongatO,
1663 3882 1861 3943 medio
1908 3883 2147 3943 modice
2193 3881 2568 3943 rotundatim

318 3993 602 4067 dilatato,
649 3990 889 4072 postico
922 3983 1132 4052 *minus
1183 4010 1359 4070 quam
1409 3991 1613 4050 antice
1663 3998 2017 4069 angustam,
2066 3990 2379 4069 aliquanto
2426 3988 2566 4048 lon-

376 4268 427 4341 1)
497 4272 717 4325 Phrixis
764 4272 1017 4342 longipes
1067 4271 1215 4338 Cope
1266 4271 1327 4337 (l.
1369 4289 1423 4322 c.
1472 4287 1527 4346 p.
1577 4269 1709 4331 415,
1769 4270 1927 4338 421),
1997 4270 2161 4322 etiam
2223 4270 2276 4320 in
2332 4285 2569 4321 caverna

491 4359 746 4419 inventa,
817 4375 978 4427 quam
1046 4356 1234 4408 dicunt
1313 4356 1755 4408 »Mammouthii«
1784 4396 1796 4417 ,
1867 4355 2068 4407 animal
2136 4355 2385 4407 adultum
2454 4353 2569 4405 sine

491 4443 655 4496 dubio
701 4444 946 4511 ejusdem
996 4442 1198 4512 speciei
1244 4450 1349 4502 est,
1398 4444 1557 4510 cujus
1583 4443 1795 4510 pullum
1820 4440 2139 4509 Tellkampf
2157 4440 2569 4510 Phalangodem

490 4537 763 4582 armatum
808 4528 1125 4581 nominavit.
