3281 5461
1406 444 1533 508 569

349 650 773 724 ChelonethiS,
827 649 1014 729 pullis
1059 647 1409 735 Opilionun1
1458 648 1881 721 Laniatorum,
1932 645 2155 708 Acan's
2202 643 2597 727 quibusdam)

347 759 604 820 arolium
673 759 849 837 gerit.
979 758 1129 819 Haec
1196 754 1537 836 particula,
1621 774 1799 834 quam
1872 762 2122 815 autores
2193 752 2598 833 systematici,

347 869 596 928 Insecta
652 873 1031 939 tractantes»,
1098 892 1117 919 υ
1133 860 1510 944 plantulam«
1565 863 2036 924 nominaverunt
2091 869 2154 922 et
2200 879 2312 939 ego
2361 860 2599 940 apicem

347 976 503 1036 tarsi
539 971 1004 1057 (·›F0dspids«)
1052 972 1387 1052 appellavi,
1434 972 1731 1033 musculis
1776 977 2077 1043 movetur,
2128 970 2227 1049 qui
2275 970 2351 1029 ab
2394 976 2597 1029 meta-

348 1091 517 1144 tarso
566 1083 861 1143 oriuntur.
934 1083 1214 1161 Ipsorum
1257 1079 1663 1159 Scorpionum
1710 1087 1918 1140 tarsus
1963 1078 2291 1138 manifeste
2339 1077 2597 1137 demon-

350 1198 541 1264 strat,
611 1209 972 1270 processum
1028 1188 1411 1250 terminalem
1458 1187 1983 1267 pseudonychium
2029 1205 2149 1246 non
2196 1205 2367 1246 esse:
2438 1203 2600 1262 apex

347 1298 503 1360 tarsi
573 1296 922 1380 (plantula)
993 1298 1149 1358 satis
1216 1316 1474 1376 magnus
1543 1296 1826 1357 deorsum
1898 1304 1961 1355 et
2028 1313 2302 1355 seorsum
2370 1291 2601 1353 moveri

347 1414 553 1485 potest
627 1414 688 1468 et
744 1407 878 1485 ipse
947 1404 1246 1466 articulus
1301 1404 1554 1466 tarsalis
1613 1411 1926 1465 extremus
1981 1380 2253 1463 incisura
2301 1400 2601 1481 profunda

348 1523 412 1575 et
479 1521 665 1574 acuta
730 1514 894 1575 infra
957 1513 1299 1574 instructus
1369 1520 1497 1585 est,
1578 1520 1647 1573 ut
1716 1531 1878 1590 apex
1917 1508 2293 1593 (plantula)
2355 1506 2601 1570 facilius

345 1630 688 1683 moveatur.
816 1620 1103 1681 Plantula
1177 1619 1238 1680 in
1309 1620 1831 1700 pseudonychium
1902 1621 2086 1680 breve
2155 1625 2219 1678 et
2285 1617 2602 1676 robustum

348 1730 654 1808 producta
722 1738 786 1790 et
853 1727 1196 1807 unguiculis
1267 1729 1502 1789 duobus
1568 1728 1877 1789 instructa
1933 1735 2061 1799 est,
2125 1734 2481 1794 ,extrorsum
2540 1730 2604 1783 et

345 1838 677 1899 introrsum
726 1835 873 1919 (nec
921 1844 1122 1897 autem
1173 1838 1460 1898 deorsum
1507 1834 1818 1919 seorsum)
1866 1835 2211 1896 mobilibus,
2294 1832 2420 1893 Sed
2464 1832 2601 1910 ipse

347 1944 646 2006 articulus
692 1944 755 2004 in
801 1963 1161 2024 processum
1210 1942 1618 2016 terminalem,
1680 1962 1868 2022 supra
1912 1943 2192 2022 interque
2238 1939 2601 2019 unguiculos

346 2053 818 2132 prominentem,
864 2053 1201 2132 productus
1250 2060 1365 2113 est.

516 2269 658 2330 Jam
714 2268 803 2330 ill.
866 2267 945 2339 G,
995 2268 1069 2330 L.
1123 2248 1302 2328 Koch
1359 2267 1626 2330 familias
1676 2266 2157 2347 Gonyleptidum
2217 2273 2281 2327 et
2338 2264 2599 2326 Cosme-

230 2366 235 2373 ’
346 2377 541 2437 tidum
600 2376 913 2450 fundavit,
986 2384 1213 2456 praeter
1269 2396 1422 2456 quas
1478 2375 1567 2437 ill.
1683 2375 1893 2436 Simon
1939 2374 2088 2435 item
2134 2373 2382 2435 tertiam
2428 2372 2601 2452 Pha-

347 2472 815 2563 langodidarum
862 2485 1119 2551 creavit.
1247 2483 1468 2554 Quoad
1508 2483 1788 2563 judicare
1835 2500 2121 2562 possum,
2190 2481 2322 2541 haec
2369 2478 2603 2541 familia

348 2592 566 2653 melius
627 2611 807 2671 quam
867 2592 985 2667 illae
1045 2592 1301 2652 fundata
1360 2601 1486 2653 est:
1559 2590 1873 2672 spiracula
1919 2588 2521 2669 Phalangodidarum
2566 2606 2605 2647 a

350 2699 678 2779 spiraculis
746 2700 1148 2762 Laniatorum
1219 2708 1562 2762 ceterorum
1639 2699 1897 2762 multum
1977 2698 2365 2777 discrepant3
2454 2695 2601 2772 item

347 2808 527 2869 Iobus
584 2808 931 2870 maxillaris
991 2795 1280 2870 coxarum
1339 2808 1508 2887 paris
1569 2808 1824 2870 secundi
1878 2807 2087 2887 generi
2147 2804 2602 2868 Scotolemonis

351 2917 558 2977 Lucas
613 2953 696 2961 —
755 2916 1172 2995 Phalangodis
1234 2916 1478 2990 Simon,
1549 2916 1769 2978 saltem
1817 2935 1877 2995 p.
1927 2937 1987 2996 p.
2049 2952 2125 2960 —
2187 2915 2370 2976 adest
2423 2912 2601 2984 liber,

349 3026 427 3085 ab
462 3025 604 3103 ipsa
641 3044 800 3085 coxa
837 3015 1269 3086 articulatione
1307 3024 1635 3098 discretuS,
1684 3024 1948 3086 mobilis.
2017 3021 2116 3085 An
2150 3022 2252 3083 hic
2280 3023 2605 3082 character

347 3132 465 3193 toti
512 3131 760 3193 familiae
810 3133 1148 3194 communis
1197 3133 1299 3206 sit,
1348 3121 1497 3194 sane
1544 3134 1782 3206 nescio,
1855 3132 1930 3194 ¹Si
1975 3140 2178 3193 autem
2222 3129 2602 3200 consideraS,

349 3239 555 3300 lobum
602 3240 985 3302 maxillarem
1034 3240 1247 3302 harum
1287 3259 1578 3314 coxarum
1612 3240 1777 3302 inter
1800 3238 2168 3319 Palpatores
2206 3246 2312 3299 aut
2346 3236 2599 3297 liberum

352 3357 415 3407 et
462 3347 747 3409 mobilem
796 3367 933 3408 esse
974 3345 1529 3432 (Phalangioidis),
1588 3357 1697 3410 aut
1740 3346 2110 3431 immobilem
2158 3349 2235 3390 '——
2283 3343 2599 3405 rudimen-

348 3456 571 3515 tarium
612 3492 690 3501 -—-
732 3455 1356 3539 (Ischyropsaloidis)
1403 3456 1502 3517 vel
1549 3456 1731 3536 plane
1773 3456 1990 3532 deesse
2022 3451 2602 3538 (Nemastomoidis,

350 3563 762 3644 TrognloidiS,
815 3562 1215 3647 Sironoidis),
1265 3543 1507 3626 duceris
1553 3573 1622 3624 ut
1658 3564 1948 3642 opineris,
1995 3541 2153 3625 bunc
2182 3541 2619 3624 characterem

352 3670 536 3731 etiam
587 3671 836 3733 familiis
884 3672 1282 3733 Laniatorum
1333 3680 1720 3746 constantem
1771 3691 1931 3733 esse.

521 3778 798 3839 Familiae
827 3777 1307 3861 Gonyleptidum
1357 3790 1420 3841 et
1467 3779 1888 3842 Cosmetidum
1939 3778 2008 3841 C.
2058 3781 2130 3840 L.
2185 3778 2359 3838 Koch
2406 3774 2605 3837 forma

353 3893 417 3946 et
487 3895 802 3947 armatura
873 3886 1192 3966 palporum
1274 3887 1457 3968 vulgo
1540 3888 1991 3949 discernuntur.
2104 3887 2326 3946 Partes
2371 3881 2603 3944 tibialis

352 4002 418 4054 et
472 3994 724 4055 tarsalis
777 3994 1192 4057 Cosmetoidis
1250 3996 1562 4074 depressae
1623 4004 1796 4069 sunt,
1877 3996 2023 4056 item
2085 3993 2328 4073 oblique
2385 3990 2604 4071 positae

353 4109 530 4175 sunt,
635 4110 704 4164 ut
789 4104 1072 4164 adductae
1165 4111 1405 4183 partem
1494 4102 1848 4165 femoralem
1938 4102 2209 4181 margine
2302 4098 2607 4161 exteriore

312 4228 463 4300 ‘suo
525 4210 867 4289 attingant3
937 4211 1120 4272 etiam
1180 4210 1347 4290 palpi
1409 4220 1725 4273 armatura
1781 4231 1991 4272 carere
2062 4211 2365 4272 dicuntur.
2480 4205 2604 4267 Sed

352 4317 539 4379 etiam
587 4316 1062 4399 Gonyleptoidis
1121 4326 1334 4399 partes
1390 4319 1625 4380 tibialis
1685 4326 1748 4380 et
1796 4317 2049 4380 tarsalis
2097 4316 2338 4396 oblique
2389 4314 2604 4393 positae

350 4434 519 4498 sunt,
581 4426 921 4505 saepissime
968 4446 1033 4487 re
1082 4447 1232 4488 vera
1275 4427 1614 4501 tantulum,
1676 4439 1745 4488 ut
1789 4427 2071 4487 adductae
2119 4434 2360 4504 partem
2405 4425 2604 4483 femo-

348 4533 543 4595 ralem
591 4533 786 4595 latere
832 4533 1118 4597 inferiore
1167 4553 1277 4596 suo
1323 4535 1668 4616 attingant3
1741 4537 1852 4595 sed
1898 4533 2208 4596 nonnullis
2257 4531 2605 4612 speciebus,
2641 4539 2656 4546 ’
