3281 5461
1781 368 1940 455 564'

722 604 1043 674 segmenta
1113 595 1388 675 eorporis
1444 586 1797 676 Opilionum
1870 604 2008 657 cute
2075 596 2277 670 molli,
2347 616 2425 657 an
2494 597 2664 657 sulco
2733 586 2970 658 tantum

722 704 1179 783 disjungantur3
1272 712 1333 764 et
1412 704 1830 784 imperitorum
1912 704 2107 765 visum
2187 712 2462 765 sternum·
2533 714 2969 784 perangustum

719 810 1072 890 Opilionum
1122 813 1498 892 quorundam
1547 812 1728 875 facile
1777 814 2010 893 effugit.

888 1012 1112 1084 Notae,
1163 1010 1589 1072 Gibbocellum
1629 1012 1707 1071 ab
1741 1010 2128 1090 Opilionibus
2166 1013 2615 1092 disjungenteS,
2665 1020 2975 1073 structura

719 1125 977 1179 externa
1002 1118 1206 1179 nullas
1246 1122 1505 1197 (praetor
1531 1118 1646 1178 has
1683 1121 1760 1180 ab
1797 1118 1885 1180 ill.
1915 1119 2157 1180 Thorell
2199 1120 2614 1199 propositas),
2662 1114 2974 1179 anatomia

718 1226 1060 1305 permultas
1108 1228 1366 1314 praebet.
1475 1226 1601 1286 Sed
1651 1227 1984 1301 anatomia,
2036 1228 2197 1288 sicut
2242 1248 2279 1287 a
2326 1228 2493 1288 doct..
2546 1227 2811 1288 Stecker
2856 1228 2970 1287 de-

721 1334 991 1413 scripta,
1029 1342 1166 1395 tota
1211 1333 1549 1395 dubitanda
1598 1342 1715 1396 est.
1802 1335 1938 1394 Non
1990 1335 2150 1414 quod
2189 1336 2424 1414 judicO,
2473 1335 2676 1395 omnia
2722 1355 2759 1394 a
2805 1336 2970 1395 doct.

720 1442 987 1503 Stecker
1031 1442 1231 1503 relata
1276 1461 1574 1521 perversa
1631 1462 1803 1515 esse,
1876 1463 2016 1503 nam
2075 1452 2545 1517 commemorat,
2606 1441 2971 1503 Gibbocello

717 1549 1042 1627 glandulas
1081 1549 1421 1629 foetidas¹·)
1456 1547 1926 1631 (·›Krohn'sche
1956 1548 2760 1633 Cephalothoraxdriisenu)
2797 1569 2969 1623 esse3

719 1677 850 1737 quae
910 1666 1149 1730 autem,
1214 1657 1375 1718 sicut
1419 1658 1879 1727 Arachnidibus
1928 1656 2228 1741 ceteris2)
2277 1661 2530 1731 desunt,
2592 1658 2682 1721 ita
2727 1658 2971 1737 Opilio-

682 1760 893 1826 .nibus
954 1766 1212 1837 adsunt;
1286 1772 1350 1825 et
1407 1773 1681 1845 systema
1739 1785 2061 1842 nervorum
2109 1767 2439 1827 secundum
2491 1766 2967 1846 descriptionem

721 1874 853 1963 ejus
902 1873 1114 1933 eodem
1162 1873 1342 1933 modo
1393 1882 1812 1934 constructum
1862 1883 1979 1950 est,
2030 1894 2146 1954 quo
2194 1854 2567 1953 Opilionum,
2622 1874 2962 1952 praesertim

718 1980 1115 2059 Palpatorum
1133 1979 1213 2063 ³).
1328 1981 1455 2055 Sed
1515 1982 1589 2041 de
1638 1982 1950 2043 anatomia
1993 1990 2129 2059 tota
2174 1981 2521 2042 Gibbocelli
2569 1982 2966 2043 dubitandum

719 2097 836 2161 est,
887 2089 1043 2167 quod
1097 2087 1431 2168 descriptio
1480 2089 1806 2150 anatomiae
1841 2097 1976 2150 tota
2013 2099 2076 2151 et
2111 2090 2333 2163 omnia,
2382 2109 2512 2168 quae
2551 2080 2703 2150 dicit
2727 2089 2965 2150 Gibbo-

719 2195 939 2257 cellum
1010 2176 1144 2256 cum
1217 2196 1582 2258 animalibus
1646 2196 1785 2257 aliis
1845 2216 2244 2276 comparans,
2317 2198 2649 2258 fantasiam
2708 2198 2963 2258 demon·

719 2311 954 2376 strant,
1026 2305 1136 2364 sed
1203 2323 1400 2383 neque
1470 2288 1826 2365 facultatem
1892 2304 2255 2384 explorandi
2311 2324 2506 2385 neque
2565 2305 2966 2366 subtilitatem

720 2412 1096 2491 disputandi.
1883 2406 1886 2409 ¹
2555 2396 2562 2401 ¹

889 2521 1047 2581 Nam
1099 2539 1215 2599 quo
1264 2520 1444 2580 modo
1492 2519 1761 2600 alioquin
1806 2521 1898 2580 ita
1945 2521 2148 2582 dicere
2198 2530 2506 2599 potuerat,
2559 2540 2690 2599 quae
2739 2541 2796 2599 p.
2846 2521 2972 2584 336

720 2629 794 2687 de
865 2626 1172 2706 glandulis
1244 2614 1492 2688 foetidis
1562 2627 1876 2707 leguntur:
1973 2629 2216 2690 »Etwas
2278 2629 2566 2690 Sicheres
2644 2630 2795 2690 iiber
2873 2628 2971 2689 die

719 2737 1024 2797 Function
1071 2736 1298 2796 sowohl
1350 2737 1458 2796 der
1505 2735 1963 2798 Schalendriise
2011 2737 2121 2797 der
2164 2736 2610 2817 Phyllopoden,
2673 2740 2767 2797 als
2814 2738 2971 2797 auch

722 2846 831 2904 der
892 2842 1321 2904 Krohn’schen
1376 2843 2068 2922 Cephalothoraxdriise
2115 2882 2194 2890 —
2265 2845 2452 2905 deren
2499 2845 2801 2905 Function
2857 2865 2973 2905 uns

723 2952 820 3013 bei
871 2952 1382 3012 Vorhandensein
1434 2971 1553 3012 von
1600 2972 1669 3013 so
1719 2953 2139 3033 complicirten
2181 2954 2366 3013 ‘Vasa
2410 2951 2731 3030 Malpighii
2779 2953 2971 3012 eben-

722 3061 866 3120 falls
914 3058 1071 3120 wohl
1118 3060 1262 3120 sehr
1308 3060 1566 3139 fraglich
1607 3061 1805 3122 bleibt
1841 3095 1919 3106 —
1957 3062 2121 3122 kann
2167 3055 2264 3121 ich
2301 3061 2442 3132 hier„
2467 3059 2640 3119 nicht
2674 3060 2973 3140 angeben,

722 3168 825 3228 bin
892 3169 1042 3228 aber
1111 3167 1220 3228 der
1274 3168 1601 3249 Meinung,
1675 3170 1821 3229 dass
1889 3188 2030 3229 man
2093 3170 2174 3229 da
2228 3168 2387 3229 nach
2446 3167 2806 3229 Weismann
2855 3168 2977 3228 mit

722 3277 1018 3354 etwaigen
1067 3278 1184 3336 den
1222 3276 1450 3337 Nieren
1502 3277 1805 3354 analogen
1832 3278 2117 3355 Organen
2156 3296 2230 3336 zu
2266 3276 2416 3336 thun
2453 3275 2592 3347 hat3
2642 3274 2974 3335 denselb‘en

723 3385 857 3444 eine
926 3383 1440 3462 respiratorische
1504 3384 1866 3463 Bedeutung
1908 3384 2418 3462 zuzusprechen,
2487 3383 2590 3444 bin
2648 3384 2746 3442 ich
2805 3382 2976 3443 nicht

682 3492 868 3551 &sehr
937 3491 1218 3568 geneigt,
1299 3491 1421 3551 und
1491 3511 1557 3552 so
1624 3500 1877 3553 mussen
1943 3492 2048 3552 wir
2116 3491 2249 3551 eine
2311 3491 2538 3550 nabere
2601 3490 2972 3550 Functions-

724 3601 1078 3678 andeutung
1150 3616 1217 3658 so
1274 3591 1464 3675 ‘lange
1535 3600 1870 3677 ausgeben,
1950 3599 2043 3659 bis
2124 3599 2220 3658 die
2289 3617 2405 3658 von
2473 3598 2839 3658 Weismann
2906 3616 2975 3657 so

725 3707 1035 3787 gliicklich
1085 3708 1516 3786 begonnenen,
1574 3707 2031 3768 interessanten
2079 3707 2631 3785 Untersuchungen
2678 3707 2829 3767 iiber
2877 3706 2975 3765 die

725 3815 1025 3876 Function
1108 3814 1311 3875 dieser
1379 3814 1626 3893 Organe
1696 3815 1822 3875 bei
1860 3815 2218 3893 Leptodora
2285 3812 2534 3894 hyalina
2598 3814 2710 3874 mit
2776 3833 2973 3874 neuen

725 3924 1041 3983 Beweisen
1084 3921 1404 4001 dargelegt
1442 3923 1708 3997 werden,
1759 3923 1881 3983 und
1926 3922 2020 3982 bis
2069 3942 2134 3982 es
2182 3923 2340 3982 auch
2387 3942 2500 3983 uns
2540 3922 2806 3999 moglich
2843 3923 2976 3983 sein

787 4128 836 4201 1)
909 4134 1149 4194 Quorum
1199 4133 1337 4184 situs
1384 4140 1568 4186 tamen
1613 4132 1710 4187 vix
1746 4134 1905 4202 juste
1949 4134 2221 4186 indicatus
2269 4142 2372 4189 est.

781 4212 831 4285 2)
903 4218 1227 4270 Acaridibus
1284 4220 1611 4289 quibusdam
1656 4219 1890 4272 forsitan
1936 4219 2207 4287 exeeptis,

782 4296 834 4369 ³)
905 4304 1247 4373 Quamquam
1291 4304 1413 4373 ipse
1458 4312 1654 4358 auctor
1697 4323 1755 4374 p.
1790 4306 1892 4358 295
1936 4305 2095 4357 dicit:
2155 4303 2571 4373 »Eingeweide-
2619 4306 2726 4358 und
2772 4305 2974 4374 Respi-

893 4388 1394 4460 rations-Organe‚
1463 4392 1574 4443 und
1642 4390 1949 4443 theilweise
2004 4390 2150 4442 auch
2206 4392 2305 4443 das
2363 4390 2797 4461 Nervensystem
2854 4390 2976 4442 sind

893 4491 1040 4545 ganz
1087 4476 1306 4536 andem,
1352 4477 1437 4529 als
1482 4475 1571 4528 bei
1618 4477 1722 4529 den
1767 4475 2170 4545 Phalangiden,
2216 4477 2544 4546 gestaltet.u
