3281 5461
1819 464 1944 532 598

754 668 1403 741 ,Unicolore'vitellinuu
1451 679 1589 734 tholi
1638 680 1780 733 scuti
1824 678 2088 740 brunnei;
2136 698 2428 750 processus
2475 699 2664 734 eorum
2710 682 2964 736 testacei.

765 767 946 837 Long.
972 784 1125 837 corp.
1170 767 1279 832 6,ι;
1324 767 1475 837 long.
1524 765 1669 819 scuti
1712 766 1820 827 4,⁵;
1866 766 1965 819 lat.
2015 766 2158 820 scuti
2202 767 2310 828 3,o;
2359 767 2511 838 palpi
2556 768 2625 828 4;
2670 785 2769 837 pes
2802 766 3016 837 primus

894 852 990 912 12;
1054 853 1326 904 secundus
1371 852 1468 913 22;
1527 851 1727 905 tertius
1774 851 1841 904 15
1856 852 1881 912 ς’
1929 858 2159 920 quartus
2205 853 2289 904 20.
2937 851 2956 862 ⁰

764 938 984 991 Patria:
1053 938 1209 990 India
1275 936 1574 992 orientalis,
1687 936 1968 1006 Exempla
2035 954 2137 991 sex
2202 937 2341 998 vidi,
2408 937 2489 998 im
2525 942 2726 991 Assam
2790 940 2862 991 ab
2926 938 3016 990 ill.

808 1056 813 1061 ·
892 1024 1282 1077 Westermann
1326 1028 1496 1094 capta
1539 1027 1598 1075 et
1642 1023 1837 1076 Museo
1883 1022 2033 1079 data.

1282 1345 1612 1407 Familia
1667 1346 1790 1407 IV:
1862 1328 2494 1402 Hernandaroidoe.

768 1482 977 1544 Lobus
1022 1481 1363 1543 maxillaris
1411 1480 1585 1542 coxis
1632 1482 1887 1544 secundi
1933 1482 2101 1561 paris
2149 1482 2345 1543 deest.

765 1589 1099 1669 Palporum
1158 1599 1368 1668 partes
1424 1588 1658 1651 tibialis
1716 1599 1781 1651 et
1834 1588 2089 1651 tarsalis
2150 1588 2343 1667 spinis
2393 1588 2660 1671 (aculeis
2708 1610 2818 1651 suo
2864 1611 3026 1670 pro-

941 1698 1145 1759 cessui
1182 1696 1523 1780 impositis)
1563 1706 1841 1771 armatae,
1890 1698 2088 1759 minus
2133 1697 2460 1758 manifeste
2509 1697 2751 1777 oblique
2797 1699 3030 1777 positae

940 1814 1115 1880 sunt,
1172 1805 1263 1866 ita
1307 1814 1376 1866 ut
1419 1805 1704 1867 adductae
1751 1813 1991 1885 partem
2038 1803 2393 1866 femoralem
2439 1805 2712 1883 margine
2758 1816 3030 1885 utroque

937 1913 1268 1994 attingant.

771 2019 1100 2098 Spiracula
1165 2021 1436 2081 maxima
1503 2020 1780 2094 lunaria,
1850 2020 2232 2094 cancellata,
2300 2021 2482 2081 nivea
2549 2021 2692 2100 quia
2759 2019 3034 2081 cancelli

938 2127 1277 2189 tuberculis
1302 2127 1766 2208 microscopicis
1794 2126 2027 2202 ornati3
2075 2135 2222 2206 post
2251 2126 2486 2190 sulcum
2522 2127 2749 2207 posita,
2797 2147 3033 2190 coxam

941 2243 1224 2315 quartam
1269 2237 1347 2297 ab
1395 2237 1720 2297 abdomine
1770 2243 2184 2314 separantem.
2357 2222 2364 2225 ’

772 2343 1027 2404 Scutum
1086 2343 1371 2405 dorsuale
1441 2344 1630 2406 sulcis
1700 2342 2076 2405 transversis
2146 2344 2417 2417 duobus,
2485 2363 2604 2404 non
2673 2343 3032 2422 profundiS,

944 2452 1227 2513 divisum.

772 2558 1025 2619 Orificia
1068 2558 1495 2638 glandularum
1556 2559 1925 2620 foetidarum
1972 2559 2370 2639 processibus
2418 2558 2703 2632 obtecta,
2772 2558 2835 2618 in
2880 2560 3031 2638 ipso

939 2666 1212 2745 margine
1261 2666 1422 2727 scuti
1480 2666 1785 2727 dorsualis
1833 2666 1988 2742 sita3
2059 2665 2446 2728 emissarium
2501 2666 2755 2746 liquoris
2803 2667 3031 2728 foetidi

941 2775 1132 2835 efficit
1177 2774 1412 2836 canalis
1460 2773 1814 2859 (apertus),
1876 2775 2048 2836 coxis
2095 2775 2274 2855 primi
2320 2782 2382 2836 et
2429 2774 2683 2836 secundi
2740 2775 2910 2853 paris
2967 2785 3037 2836 et

939 2883 1337 2961 processibus
1404 2882 1740 2957 formatus,
1830 2882 2140 2962 liquorem·
2208 2883 2503 2945 foetidum
2582 2884 2688 2943 ad.
2740 2892 3031 2944 ventrem

940 3008 1232 3051 coxarum
1282 2992 1534 3053 ducens,

772 3160 1033 3240 Species
1087 3162 1303 3244 adhuc,
1333 3161 1516 3224 unica
1559 3162 1621 3222 in
1668 3161 1963 3223 America
2005 3159 2392 3223 meridionali
2435 3160 2706 3222 inventa.

1439 3479 2110 3535 HERNANDARIA
2164 3498 2219 3534 n.
2275 3496 2335 3550 g.

772 3610 977 3671 Tuber
1020 3608 1379 3670 oculiferum
1427 3609 1775 3671 eminentiis
1822 3612 2119 3672 ambabus
2166 3611 2553 3686 instructum.

776 3716 1034 3779 Scutum
1091 3717 1379 3778 dorsuale
1437 3718 1690 3796 paribus
1746 3720 1944 3780 tribus
2003 3718 2145 3800 (aut
2200 3719 2492 3799 quatuor)
2553 3717 3033 3779 eminentiarum

941 3826 1242 3905 majorum
1288 3824 1666 3908 ornatum1).

778 3933 965 3995 Coxae
1014 3934 1213 4012 quarti
1258 3933 1429 4012 paris
1477 3933 1774 3995 dilatatae.

773 4041 977 4102 Pedes
1022 4039 1362 4102 breviores·
1691 4033 1700 4039 ⁷

778 4146 1101 4226 Unguiculi
1147 4148 1372 4227 pedum
1419 4148 1864 4227 gressoriorum
1908 4148 2152 4230 int-egri.

773 4245 1144 4319 Differentia
1190 4254 1462 4317 sexualis
1507 4271 1752 4335 magna.'

832 4461 885 4540 ¹)
951 4467 1195 4529 Quarum
1240 4466 1657 4521 eminentiamm
1702 4483 1806 4537 par
1851 4474 2186 4537 postremum
2229 4483 2374 4521 areae
2421 4474 2635 4538 quarta
2682 4469 2817 4536 (non
2851 4470 3038 4523 mani·

945 4553 1132 4622 festae)
1180 4558 1285 4605 est.
