3281 5461
1380 417 1506 482 573

449 627 680 696 (aperti)
731 629 1027 680 secundnm
1073 633 1286 696 partem
1334 627 1643 680 inferiorem
1690 626 1838 679 limbi
1884 625 2165 688 lateralis»,
2227 626 2317 697 qui
2364 627 2569 680 canali-

447 714 600 765 culos
647 716 843 767 breves
884 703 1191 782 excipiunt,
1239 716 1309 766 ab
1357 712 1574 766 orificiis
1621 713 1929 767 manifestis
1974 712 2342 767 vesiculamm
2386 712 2569 765 urina-

444 797 647 852 riarum
704 798 975 860 orientes»,
1043 818 1187 870 pone
1247 799 1454 863 orificia
1508 800 1895 868 glandularum
1956 797 2284 851 foetidarum
2341 797 2536 868 positis
2555 818 2585 859 ;·-

445 903 551 954 quo
607 887 764 937 modo
818 885 998 955 liquor
1053 885 1293 937 foetidus
1350 893 1408 938 et
1468 884 1625 957 uri-na
1693 887 1989 955 secundum
2045 884 2239 937 limbos
2309 884 2569 937 laterales

428 969 590 1022 ‘Scuti
635 969 964 1023 emittuntur
1007 999 1088 1010 -—
1135 977 1239 1023 aut
1293 989 1369 1023 ex
1426 969 1643 1023 orificiis
1691 969 1929 1023 obtectis
1973 969 2364 1040 glandularum
2408 970 2569 1022 foeti-

449 1057 641 1108 darum
687 1062 746 1108 et
789 1055 1155 1109 vesicularum
1203 1056 1566 1109 urinariarum
1612 1055 1863 1108 oriuntur
1907 1056 2152 1116 canales,
2209 1055 2365 1108 coxis
2412 1055 2571 1125 primi

445 1150 504 1193 et
561 1141 783 1194 secundi
841 1141 992 1209 paris
1049 1142 1270 1195 formati
1326 1148 1383 1194 et
1441 1141 1795 1212 processibus
1842 1158 2107 1194 coxarum
2152 1141 2277 1208 plus
2323 1140 2569 1194 minusve

445 1226 650 1287 clausi;
721 1245 826 1298 quo
875 1230 1047 1285 ¹modo
1103 1227 1283 1297 liquor
1336 1226 1576 1280 foetidus
1637 1233 1697 1279 et
1762 1227 1921 1281 urina
1980 1229 2053 1279 ad
2111 1233 2353 1279 ventrem
2412 1226 2569 1279 emit·

443 1316 656 1365 tu‘ntur.

314 1397 730 1451 Eminentiae
797 1397 1041 1466 corporis
1108 1407 1167 1451 et
1231 1399 1433 1467 pedum
1509 1397 1913 1468 gressoriorum
1989 1398 2057 1449 ob
2136 1397 2568 1466 magnitudinem

445 1500 601 1536 suam
647 1484 1032 1552 appellantur:
1103 1501 1422 1552 processuS‚
1468 1482 1795 1553 processuli‚
1841 1483 2151 1542 tubercula,
2195 1499 2394 1553 grana,
2439 1499 2568 1553 gra-

442 1570 604 1628 nula;
673 1569 805 1622 item
860 1568 1169 1622 eminentiae
1227 1569 1550 1639 palporum‚
1621 1568 1666 1621 si
1723 1569 1916 1621 aculeo
1976 1568 2101 1637 (seu
2159 1566 2304 1637 seta)
2366 1568 2569 1638 apicali

443 1660 654 1707 carent.
2241 1664 2243 1667 ’

310 1741 599 1793 Limbus
657 1739 974 1793 anterior
1041 1740 1182 1793 scuti
1242 1739 1513 1793 dorsualis
1571 1741 1900 1792 elementum
1946 1738 2412 1809 morphologicum
2461 1757 2565 1799 non

441 1833 560 1886 est;
609 1842 760 1895 saepe
804 1825 1117 1887 manifeste,
1167 1843 1317 1894 saepe
1363 1826 1611 1879 obsolete
1658 1825 1948 1879 discretus·

311 1910 547 1965 Limbi
591 1912 944 1964 laterales
994 1911 1134 1964 scuti
1171 1911 1441 1964 dorsualis
1475 1912 1748 1964 elementa
1791 1908 2205 1981 morphologica
2247 1927 2354 1962 non
2402 1917 2560 1972 suut;

436 1995 669 2065 planitie
715 1997 1026 2051 insertionis
1072 1997 1305 2050 musculi
1360 1997 1622 2050 levatoris
1679 1999 1880 2067 pedum
1938 1996 2120 2067 quarti
2164 1995 2315 2065 paris
2362 1996 2559 2050 effecti.

438 2081 705 2150 (Discreti
753 2091 901 2143 sunt,
947 2081 1053 2135 nisi
1098 2083 1431 2142 contrarium
1476 2085 1748 2150 notatur).
1775 2096 1802 2155 ᾗ

308 2169 647 2221 Numerus
715 2168 1209 2229 articulorum,
1278 2168 1329 2221 in
1400 2186 1535 2239 quos
1604 2174 1792 2222 tarsus
1862 2167 1930 2237 (s,
1981 2169 2108 2234 str.)
2178 2165 2385 2220 divisus
2453 2174 2561 2229 est,

437 2253 697 2306 scribitur
737 2254 918 2327 velut:
986 2253 1098 2322 (6-)
1147 2255 1177 2306 7
1225 2254 1370 2323 (-9);
1441 2256 1585 2325 quod
1630 2253 1935 2324 significat,
2003 2253 2272 2306 articulos
2318 2255 2558 2306 tarsales

436 2339 680 2407 ejusdem
748 2338 906 2408 pedis
986 2340 1365 2409 exemplorum
1438 2341 1904 2409 perlustratorum
1972 2338 2276 2407 saepissime
2347 2344 2560 2408 septem

435 2424 631 2486 fuisse,
677 2425 950 2478 interdum
996 2433 1183 2479 autem
1231 2443 1352 2486 sex,
1399 2425 1668 2478 interdum
1718 2433 1840 2478 octo
1886 2426 1973 2478 vel
2017 2430 2227 2479 novem.
2283 2440 2284 2443 ’

310 2510 612 2563 Orificia
667 2511 1160 2580 glandularum
1218 2510 1650 2564 foetidarum
1712 2509 2048 2579 (·›f0ramina
2093 2509 2547 2578 supra-coxalia«

438 2595 685 2662 Thorell)
744 2604 844 2649 aut
900 2599 1122 2650 detecta
1168 2603 1298 2650 sunt
1342 2603 1442 2649 aut
1487 2598 1740 2651 obtecta.
1812 2614 1976 2666 quum
2020 2596 2230 2649 minora
2276 2602 2435 2655 sunt.
2504 2595 2557 2648 in

436 2681 559 2750 ipso
604 2681 852 2752 margine
900 2684 1050 2748 scuti,
1088 2683 1291 2754 posita,
1342 2690 1399 2736 et
1433 2683 1788 2752 processibus
1828 2682 2154 2736 abscondita
2200 2691 2349 2743 sunt,
2397 2683 2557 2736 dorso

437 2784 704 2820 coxarum
749 2767 1037 2837 impositis,
2195 2787 2196 2790 ’

310 2852 618 2905 Orificia
682 2853 1157 2907 vesicularum
1223 2854 1699 2907 urinariarum
1768 2853 2097 2907 orbicularia
2162 2859 2293 2922 post
2352 2852 2558 2905 orificia

435 2939 825 3007 glandularum
880 2939 1210 2993 foetidarum
1267 2940 1482 3009 posita3
1549 2939 1667 2991 fere
1723 2957 1940 3009 semper
1993 2939 2320 2999 manifesta,
2392 2955 2554 3009 quum

435 3024 556 3076 haec
602 3026 826 3077 detecta
871 3034 1017 3079 sunt.

309 3110 560 3162 Pedum
604 3110 1121 3179 gressoriorum
1165 3118 1356 3178 partes
1406 3116 1562 3163 sunt:
1612 3099 1782 3171 coxa}
1823 3111 2144 3165 trochanter
2176 3129 2297 3165 cum
2332 3112 2556 3171 femore,

441 3195 653 3263 pat—ella
708 3212 830 3248 cum
877 3196 1039 3257 tibia,
1096 3202 1467 3254 metatarsus‚
1526 3201 1713 3248 tarsus
1762 3197 1833 3264 (s,
1882 3200 2027 3262 stu).
2083 3227 2153 3236 —-—
2216 3199 2557 3250 Metatarsus

440 3280 672 3336 articulo
720 3281 906 3350 spurio
953 3281 1259 3350 (immobili)
1313 3281 1523 3348 apicali,
1559 3281 1865 3335 instructus
1911 3288 2016 3335 est.

308 3361 696 3419 Processus
742 3366 1131 3421 fulcientes
1180 3373 1328 3428 sunt,
1378 3367 1470 3438 qui
1513 3384 1687 3422 coxas
1736 3368 1956 3420 secundi
2002 3367 2153 3437 paris
2200 3386 2320 3420 cum
2367 3367 2555 3419 iisdem

437 3451 615 3512 tertii,
673 3439 846 3505 coxas
893 3452 1042 3505 tertii
1087 3452 1237 3521 paris
1283 3470 1406 3505 cum
1450 3452 1643 3506 iisdem
1689 3452 1901 3523 quarti,
1958 3470 2130 3507 coxas
2178 3453 2360 3523 quarti
2404 3452 2554 3522 paris

438 3554 560 3589 cum
640 3538 927 3590 abdomine
1004 3539 1351 3609 conjungunt
1419 3538 1763 3607 (conferatur
1827 3556 2004 3609 genus
2074 3538 2552 3607 Nemastomatis).

436 3623 589 3675 Inter
633 3640 805 3676 coxas
853 3624 1035 3694 quarti
1081 3623 1231 3693 paris
1277 3631 1336 3676 et
1380 3624 1647 3677 abdomen
1670 3623 1911 3676 ·feminae
1959 3642 2110 3694 saepe
2156 3628 2391 3685 adsunt,
2448 3622 2553 3677 etsi

433 3708 571 3761 mari
617 3710 834 3762 desunt.

303 3785 695 3847 Processus
742 3794 1141 3848 terminalis
1187 3797 1389 3865 pedum
1432 3794 1830 3866 gressoriorum
1877 3795 2027 3848 tertii
2073 3802 2131 3849 et
2176 3796 2357 3867 quarti
2402 3796 2552 3865 paris

434 3886 522 3932 est
588 3897 881 3947 processus
949 3880 1123 3949 ipsius
1191 3881 1409 3934 articuli
1477 3880 1599 3951 (nec
1673 3880 1846 3950 apicis
1914 3882 2053 3934 tarsi
2121 3899 2166 3936 s,
2233 3883 2552 3952 plantum).

431 3966 762 4034 unguiculos
811 3983 1100 4035 superans.
1405 4029 1411 4033 .

302 4051 586 4105 Scutum
645 4053 1005 4104 dorsuale:
1066 4052 1239 4104 lorica
1284 4059 1501 4121 partem
1544 4051 1806 4120 majorem
1854 4052 1999 4104 dorsi
2045 4059 2278 4122 tegens,
2310 4087 2314 4091 -
2347 4053 2551 4122 cepha-

430 4137 716 4190 lothorace
760 4143 819 4189 et
864 4137 1163 4208 segmentis
1211 4141 1449 4207 quatuor
1492 4137 1858 4190 anterioribus
1905 4133 2207 4191 abdominis
2254 4138 2486 4193 coalitis·

300 4220 535 4292 Spinae
594 4222 708 4290 (vel
765 4222 1058 4292 spinulae):
1127 4222 1434 4276 eminentiae
1501 4224 1793 4294 palporum
1850 4241 1972 4276 cum
2030 4241 2130 4276 suo
2186 4225 2378 4277 aculeo
2427 4223 2568 4292 (aut

435 4307 586 4374 seta)
633 4306 853 4377 apicali.
