3281 5461
1834 453 1961 518 568

774 661 938 739 giore
988 679 1169 739 quam
1214 659 1433 720 latiore
1449 680 1466 733 ;
1538 658 1851 719 oculorum
1909 644 2241 719 eminentia
2283 657 2626 730 mediocri,
2687 655 3018 717 tuberculis

773 769 813 831 2
861 767 1099 845 parvis3
1169 774 1640 828 metatarsorum
1701 766 1842 845 ped.
1900 773 2064 844 post.
2114 763 2463 825 articularis
2509 765 2578 839 3,
2645 773 2762 824 art.
2812 764 3018 825 ultimo

774 876 950 955 apice
999 875 1159 955 stylo
1207 873 1352 936 forti
1399 875 1598 953 [quem
1646 875 1882 953 apicem
1932 873 2087 933 tarsi
2122 873 2386 952 nomino]
2427 873 2753 946 instructO,
2799 872 3016 949 ungui-

775 983 1016 1062 culos¹)
1077 982 1255 1043 binos
1313 981 1622 1060 simplices
1685 983 1942 1042 ferente.
2003 1014 2016 1026 =
2058 979 2439 1069 (Abdomine
2495 980 2661 1041 ultra
2722 979 3014 1059 cephalo-

775 1090 1087 1179 thoracem
1156 1088 1651 1173 prominente)··;
1732 1126 1815 1134 --
1893 1098 1957 1150 et
2033 1107 2225 1167 genus
2298 1087 2679 1169 Collonychii
2747 1088 3021 1148 Bertkau

770 1199 943 1259 hisce
990 1198 1193 1259 verbis
1242 1176 1421 1280 (ibid.
1470 1217 1530 1276 p.
1582 1195 1771 1279 108):
1851 1195 2179 1276 »Corporis
2237 1204 2548 1257 structura
2607 1205 2667 1256 et
2715 1197 2911 1256 forma
2957 1203 3022 1256 ut

770 1307 831 1366 in
901 1325 1123 1383 genere
1174 1305 1634 1389 ‘praecedente;
1707 1305 1911 1366 differt
1966 1304 2308 1383 unguiculis
2369 1304 2541 1365 disco
2600 1303 3019 1383 agglutinante

712 1482 717 1487 ,
770 1413 1150 1475 instructis«
1290 1412 1627 1492 Utrumque
1708 1433 1900 1493 genus
1978 1412 2164 1491 igitur
2230 1411 2568 1472 tollendum
2638 1422 2766 1484 est,
2861 1411 3018 1490 quod

773 1522 1159 1600 designatum
1219 1528 1316 1582 est
1373 1521 1569 1595 notis,
1642 1541 1772 1600 quae
1825 1520 2088 1600 propriae
2137 1528 2278 1580 sunt
2322 1518 2620 1597 pullorum
2672 1528 2733 1580 et
2779 1519 3017 1579 anima-

772 1629 916 1690 lium
976 1628 1461 1690 adolescentium
1536 1629 1726 1690 totius
1797 1628 2165 1689 subordinis.
2281 1627 2691 1688 Doctissimus
2747 1626 3022 1687 Bertkau

772 1736 859 1798 sic
909 1738 1313 1810 demonstrat,
1361 1755 1457 1797 me
1503 1746 1671 1797 recte
1710 1736 2096 1815 judicavisse
2145 1732 2551 1815 dicentem2):
2627 1733 3022 1795 „Differentia

769 1844 956 1924 igitur
985 1908 992 1914 ,
1025 1844 1376 1905 animalium
1446 1843 1789 1904 adultorum
1863 1852 1930 1904 et
1984 1838 2472 1904 adolescentium
2528 1850 2704 1916 tanta
2760 1852 2888 1914 est,
2957 1848 3023 1902 ut

771 1961 1039 2013 erratum
1097 1951 1339 2013 omnino
1399 1952 1754 2013 excusabile
1811 1989 1890 1995 —
1951 1971 2026 2012 ne
2086 1950 2285 2011 dicam
2323 1951 2560 2029 justum
2614 1986 2698 1995 —
2758 1951 3019 2010 futurum

737 2061 986 2134 ·fuerit,
1050 2059 1103 2120 si
1160 2059 1294 2139 quis
1346 2058 1638 2120 animalia
1684 2058 2109 2120 adolescentia
2167 2058 2343 2138 quasi
2389 2058 2631 2137 species
2677 2050 3020 2136 peculiares

763 2169 859 2230 vel
925 2169 1102 2248 quasi
1171 2185 1399 2246 genera
1474 2167 1973 2252 descripsisset&
2090 2165 2218 2227 Sed
2272 2185 2393 2226 non
2455 2165 2834 2239 existimavi,
2904 2162 3019 2225 hoc

766 2285 1032 2337 erratum
1083 2275 1303 2353 deinde
1353 2274 1821 2336 commissurum
1867 2275 1962 2348 iri,
2029 2275 2372 2354 praesertim
2421 2294 2458 2335 a
2503 2275 2802 2348 Bertkau,
2864 2273 3007 2333 doc-

763 2383 1007 2445 tissimo
1054 2383 1473 2445 referendario
1520 2400 1887 2462 progressus
1936 2382 2231 2444 scientiae.

937 2623 1032 2682 De
1101 2641 1400 2701 processu
1469 2621 1715 2682 articuli
1781 2620 2035 2682 tarsalis
2104 2621 2334 2695 ultimi,
2416 2640 2596 2700 quem
2662 2638 3018 2699 processum

768 2730 1152 2793 terminalem
1212 2729 1490 2805 nomino,
1562 2729 1957 2791 doctissimus
2014 2729 2291 2791 Bertkau
2351 2727 2426 2812 (l.
2488 2749 2541 2790 c.
2600 2749 2660 2808 p.
2717 2725 2832 2810 94)
2890 2702 3020 2788 h'aec

700 2871 703 2874 ¹
769 2840 954 2900 dicit:
1035 2839 1181 2899 »Bei
1243 2840 1360 2898 den
1427 2840 1691 2898 meisten
1761 2838 1869 2898 der
1936 2837 2376 2917 gesammelten
2436 2838 2635 2897 Arten
2705 2837 2838 2897 sind
2911 2835 3022 2914 (an

772 2949 891 3008 den
938 2945 1429 3029 Hinterpaaren)
1478 2966 1591 3006 nur
1639 2949 1677 3009 2
1723 2945 2109 3024 ungezahnte
2151 2944 2403 3006 Krallen
2450 2945 2826 3018 vorhanden,
2874 2945 3022 3016 iiber

770 3056 969 3115 denen
1037 3055 1186 3114 aber
1251 3055 1410 3114 noch
1485 3053 1581 3114 ein
1653 3074 1763 3113 aus
1832 3053 2306 3114 verwachsenen
2368 3053 2616 3113 Haaren
2684 3052 3024 3132 gebildeter

767 3163 991 3223 Haken
1050 3161 1250 3235 steht,
1322 3162 1431 3221 der
1489 3161 1585 3221 die
1647 3161 2029 3222 Afterkralle
2089 3162 2198 3221 der
2245 3161 2520 3242 Spinnen
2579 3179 2654 3221 zu
2715 3169 3019 3221 vertreten

767 3269 1016 3330 scheint
1065 3270 1186 3329 und
1234 3269 1367 3330 sich
1414 3268 1664 3329 ahnlich
1713 3269 1871 3330 auch
1917 3270 2014 3330 bei
2063 3268 2179 3329 den
2218 3268 2599 3347 Scorpionen
2646 3268 2837 3329 findet
2874 3317 2885 3328 .
2917 3314 2933 3329 .
2963 3295 3014 3328 ,ιι

655 3441 661 3447 ,
769 3376 922 3447 Quae
972 3378 1216 3438 omnino
1265 3395 1561 3456 perversa
1608 3385 1771 3438 sunt.
1841 3377 2055 3456 Neque
2106 3377 2264 3436 enim
2310 3395 2641 3455 processus
2683 3375 3022 3437 terminalis

769 3505 801 3545 e
851 3484 993 3563 pilis
1043 3485 1350 3545 concretis
1398 3485 1699 3545 formatus
1748 3494 1864 3546 est.
1959 3484 2040 3546 Ut
2086 3482 2343 3567 antea3)
2392 3484 2829 3557 demonstravi,
2886 3502 3018 3543 om·
3117 3491 3126 3500 ‘

769 3593 948 3653 nibus
993 3592 1453 3653 Arachnidibus
1500 3591 1799 3653 articulus
1846 3591 2097 3652 tarsalis
2143 3592 2393 3653 ultimus
2443 3591 2748 3670 particula
2799 3590 3025 3670 apicali

768 3701 1108 3761 instructus
1157 3707 1275 3774 est,
1325 3718 1458 3780 quae
1507 3719 1538 3760 e
1587 3700 1821 3761 chitina
1867 3700 2019 3768 dura
2067 3700 2415 3761 consistens
2461 3699 2821 3779 unguiculos
2866 3699 3026 3777 gerit

771 3818 836 3869 et
895 3805 1100 3889 (velut
1153 3807 1215 3867 in
1259 3805 1528 3869 Araneis
1588 3807 1952 3887 quibusdam
2011 3815 2075 3868 et
2134 3807 2324 3886 pullis
2377 3806 2725 3885 Opilionunn
2785 3807 3020 3868 Lania-

769 3913 1004 3997 torum)
1062 3914 1121 3974 in
1182 3915 1706 3995 pseudonychium
1766 3916 2071 3993 producta
2129 3923 2228 3975 est
2273 3922 2381 3975 aut
2428 3914 2520 3993 (in
2565 3914 2834 3975 Araneis
2881 3915 3024 3994 qui-

771 4021 1064 4107 busdam)
1114 4021 1431 4101 scopulam
1478 4022 1782 4101 apicalem
1832 4058 1909 4067 —
1960 4020 2303 4083 »clawtuft«
2350 4021 2599 4108 Thorell
2649 4060 2722 4068 ——
2774 4032 2880 4084 aut
2929 4023 3030 4107 (in

837 4275 884 4348 ¹)
948 4239 1091 4330 *Tab.
1118 4278 1191 4339 II,
1238 4278 1358 4348 Fig.
1384 4278 1504 4332 380
1553 4278 1635 4345 (et
1680 4278 1800 4348 Fig.
1827 4278 1920 4347 39)
1969 4249 2242 4347 praeterea
2285 4279 2757 4349 pseudonychium
2806 4281 3034 4332 demon·

945 4370 1143 4417 strant.
2543 4381 2546 4384 ⁴

832 4443 883 4517 2)
956 4450 1056 4502 Om
1102 4448 1432 4519 Bygningen
1481 4449 1544 4501 af
1584 4448 2053 4518 Gonyleptiderne
2099 4450 2135 4501 1.
2184 4467 2232 4502 c.
2279 4468 2335 4519 p.
2384 4449 2501 4504 209.

834 4527 883 4603 3)
952 4534 1287 4604 Inspiciat-ur
1343 4535 1478 4587 »Om
1520 4533 1844 4605 Bygningen
1890 4535 1955 4587 af
1973 4534 2473 4605 Gonyleptiderne«
2529 4537 2566 4588 1.
2594 4554 2639 4590 c.
2664 4552 2721 4604 p.
2748 4534 3035 4590 121—'22
