3281 5461
1357 442 1484 506 575

421 649 714 732 glandula
780 649 1184 727 unguentaria
1250 647 1618 708 instructam
1686 649 2043 712 retractilis.
2155 651 2341 731 Apici
2408 618 2544 714 oiri-

418 759 714 840 positoris
762 758 881 818 duo
928 754 1327 836 receptacula
1375 755 1624 816 seminis
1670 757 1981 837 imposita.

293 867 608 930 Animalia
653 866 928 946 ovipara.
1020 864 1542 943 Metamorphosis
1591 866 1815 945 exigua
1860 874 1968 928 aut
2012 869 2201 929 nulla.

292 1063 524 1132 Tarsus
573 1061 659 1142 (s,
699 1044 847 1143 str‘.)
895 1060 1121 1138 pedum
1154 1058 1608 1136 'gressoriorum
1659 1060 1720 1119 in
1765 1079 2080 1145 numerum
2115 1061 2295 1122 valde
2335 1063 2544 1123 varia-

422 1168 605 1230 bilem
654 1169 811 1250 (1-
862 1167 1110 1228 circiter
1155 1163 1271 1248 50)
1320 1165 1716 1229 articulorum
1765 1167 1997 1228 divisus
2046 1177 2163 1231 est.

295 1277 476 1339 Oculi
534 1276 875 1356 saepissime
937 1276 1055 1335 duo
1107 1273 1507 1355 (Leptopsali
1563 1274 1783 1347 Thor.‚
1849 1275 2212 1338 Gibbocello
2262 1278 2548 1351 Stecker,

425 1385 826 1464 Phalangodo
876 1381 1340 1463 quadrioculato
1387 1382 1462 1442 L.
1499 1383 1680 1443 Koch
1728 1391 1989 1462 quatuor
2034 1366 2217 1459 oculi,
2263 1369 2545 1446 Hexom-

422 1494 574 1554 mati
597 1493 781 1553 Thor.
823 1492 983 1552 oculi
1018 1509 1152 1563 sex,
1195 1489 1680 1568 Octophthalmo
1707 1492 1914 1552 Wood
1948 1491 2108 1552 oculi
2143 1501 2283 1553 oct-o
2326 1495 2548 1554 adesse

427 1599 780 1684 dicuntur);
828 1599 1030 1661 tuberi
1075 1597 1378 1659 communi
1424 1597 1625 1659 medio
1675 1599 2000 1678 saepissimi
2045 1601 2338 1679 impositi.

298 1710 500 1771 Pe'des
547 1708 839 1789 gressorii
887 1707 1227 1787 saepissime
1275 1704 1537 1788 longi1).
2235 1693 2246 1707 ”

937 1982 981 2044 S
995 1982 1084 2043 ub
1101 2002 1134 2042 o
1150 2002 1182 2042 r
1196 1982 1233 2042 d
1250 2001 1283 2042 o
1329 1980 1388 2043 I:
1472 1964 1891 2060 PalpatoreS.

552 2125 928 2196 Phalangides
975 2132 1034 2177 et
1077 2125 1402 2195 Trogulides
1451 2125 1769 2180 Sundevall.

559 2210 895 2282 Opilionides
947 2217 1007 2264 et
1050 2210 1376 2280 Trogulides
1425 2211 1485 2265 C.
1536 2213 1601 2264 L.
1649 2210 1828 2271 Koch,

559 2297 894 2368 Opilionides
942 2298 1033 2350 W.
1085 2296 1140 2349 S.
1190 2296 1334 2350 olim.

554 2385 885 2454 Palpatores
932 2382 1155 2435 Thorell
1200 2380 1343 2435 olim.

560 2468 1035 2540 Cyphophthalmi
1078 2473 1138 2520 et
1180 2467 1549 2538 Plagiostethi
1597 2467 1798 2521 Simon.

555 2555 888 2625 Palpatores
935 2559 992 2606 et
1032 2553 1419 2622 -Anepignathi
1464 2561 1523 2606 et
1567 2552 2069 2620 Haplochelonethi
2093 2552 2352 2607 -Thorell.

299 2679 480 2759 Palpi
524 2688 776 2753 tenues,
838 2678 1185 2752 filiformeS‚
1243 2685 1476 2739 teretes
1490 2698 1506 2752 ;
1578 2696 1725 2756 pars
1770 2677 2026 2739 tarsalis
2074 2678 2396 2757 unguiculo
2443 2687 2552 2740 aut

427 2787 652 2867 pusillo
690 2795 799 2848 aut
831 2785 997 2847 nullo
1032 2786 1369 2859 instructa3
1419 2785 1632 2864 spinae,
1684 2787 1734 2846 si
1770 2786 2018 2860 adsunt,
2065 2795 2174 2846 aut
2204 2788 2265 2847 in
2304 2788 2548 2847 ordines

430 2903 763 2975 quaternos
812 2930 890 2939 —
948 2896 1167 2954 infimae
1214 2894 1593 2954 robustiores
1638 2930 1712 2938 -—
1773 2901 1881 2954 aut
1928 2894 1990 2954 in
2048 2894 2320 2954 ordinem
2357 2914 2549 2955 ¹unum

428 2991 779 3064 inferiorem
828 3002 1168 3081 dispositae.
2483 2983 2494 2990 “

298 3097 510 3172 Lobus
555 3099 899 3173 maxillaris
948 3129 1240 3171 coxarum
1285 3110 1464 3189 primi
1511 3110 1679 3188 paris
1727 3109 2159 3170 articulatione
2202 3119 2550 3189 separatuS,

366 3215 377 3228 ’
429 3218 694 3280 mobilis,

276 3327 561 3387 -Labium
619 3325 889 3387 sternale
948 3325 1083 3386 basi
1144 3345 1281 3386 cum
1339 3324 1497 3393 lobis
1555 3323 1976 3385 maxillaribus
2035 3344 2325 3387 coxarum
2377 3324 2553 3403 primi

432 3434 599 3512 paris
647 3434 1062 3511 conjunctum.

305 3542 504 3602 Pedes
553 3560 763 3602 omnes
809 3542 1112 3621 unguibus
1161 3542 1417 3620 singulis
1463 3540 1772 3601 instructi.

302 3647 573 3727 Ganglia
617 3639 969 3710 truncorum
1017 3650 1494 3711 abdominalium
1542 3642 1820 3727 globosa,
1870 3648 2199 3727 disjuncta.
2533 3733 2536 3736 Ι

296 3757 554 3835 Organa
598 3756 953 3817 accessoria
1000 3756 1316 3840 (jecora?)
1367 3757 1600 3819 canalis
1662 3756 1948 3834 digestivi
2004 3792 2086 3801 —
2146 3756 2364 3817 saltem
2426 3775 2549 3816 sae-
2605 3743 2614 3818 ζ

431 3863 681 3943 pissime
737 3900 805 3908 -
858 3864 1266 3927 multilobata.

294 3972 453 4033 Peni
534 3990 692 4050 pone
771 3971 1117 4034 incrassato
1199 3974 1374 4053 glans
1455 3972 1718 4052 simplex
1789 3971 2218 4032 articulatione
2287 3970 2552 4044 mobilis,

431 4077 706 4142 musculo
757 4082 1030 4160 erigitur,
1079 4082 1230 4142 setis
1276 4081 1492 4161 paucis
1538 4080 1747 4160 parvis
1793 4080 2117 4141 instructa.

361 4363 410 4439 ¹)
475 4369 698 4439 Species
767 4368 1082 4421 describens
1140 4366 1384 4421 terminis
1453 4366 1796 4437 »longiores«
1861 4374 1919 4419 et
1984 4365 2329 4419 »breviores«
2394 4372 2551 4425 utar3

473 4456 597 4509 haec
651 4456 823 4508 verba
875 4454 958 4508 ita
984 4454 1371 4525 'intelligenda
1427 4460 1586 4514 sunt,
1655 4461 1719 4506 ut
1774 4452 2029 4506 dicantur
2085 4453 2152 4503 de
2208 4450 2550 4504 animalculis

472 4540 640 4610 hujus
688 4539 1000 4595 subordinis
1044 4540 1190 4594 inter
1234 4557 1294 4593 se
1339 4538 1694 4610 comparatis.
