3281 5461
1364 443 1668 541 -Q

510 652 840 715 manifeste
910 652 1151 734 oblique
1218 651 1439 732 positae
1509 660 1683 727 sunt,
1764 654 1857 716 ita
1924 664 1994 716 ut
2059 655 2342 717 adductae
2402 662 2642 733 partem

513 761 871 822 femoralem
920 760 1195 839 margine
1241 780 1355 822 suo
1400 760 1707 822 exteriore
1755 762 2085 841 attingant.

385 868 720 949 Spiracula
774 869 1075 943 maxIma,
1147 868 1418 944 lunaria,
1489 869 1869 942 cancellata,
1940 870 2123 931 nivea
2182 871 2325 950 quia
2383 869 2643 930 cancelli

519 976 858 1038 tuberculis
893 977 1389 1056 microscropicis
1428 976 1661 1051 ornati;
1711 986 1855 1057 post
1882 977 2115 1039 sulcum
2147 980 2375 1057 posita,
2426 996 2644 1039 coxam

521 1092 803 1163 quartam
850 1087 927 1146 ab
975 1085 1302 1147 abdomine
1348 1092 1764 1163 separantem.
1869 1074 1878 1079 ’

384 1191 650 1253 Scutum
698 1192 887 1254 sulcis
934 1192 1310 1254 transversis
1355 1200 1615 1271 quatuor
1656 1192 1938 1267 divisum,
1987 1194 2124 1273 plus
2149 1193 2426 1255 minusve
2454 1194 2642 1254 obso-
2685 1212 2690 1215 ’

520 1299 664 1362 letis
713 1299 918 1382 (sulco
967 1299 1397 1378 longitudinali
1444 1318 1563 1360 non
1613 1302 2017 1382 conjunctis).
2441 1386 2444 1389 Ι

380 1407 648 1470 Orificia
692 1407 1118 1486 glandularum
1165 1406 1534 1469 foetidarum
1584 1394 2043 1488 (processibus)
2092 1412 2364 1483 obtecta,
2410 1408 2643 1487 inipso

518 1516 793 1595 margine
853 1516 1011 1578 scuti
1072 1515 1226 1589 sita3
1298 1515 1681 1576 emissarium
1731 1517 1985 1597 liquoris
2032 1512 2249 1578 foetidi
2295 1517 2486 1577 efficit
2531 1536 2643 1589 ca,-

520 1622 681 1684 nalis
730 1623 1050 1706 (apertus)
1100 1623 1273 1684 coxis
1321 1622 1500 1702 primi
1547 1631 1609 1685 et
1656 1624 1912 1685 secundi
1948 1624 2115 1702 paris
2153 1633 2216 1687 et
2250 1606 2645 1704 processibus

522 1732 857 1807 formatu8,
929 1734 1112 1793 dorso
1182 1732 1513 1793 earundem
1585 1751 1878 1793 coxarum
1944 1732 2283 1811 impositiS,
2348 1731 2645 1811 liquorem

519 1837 817 1900 foetidum
863 1840 943 1921 ad
989 1847 1264 1901 ventrem
1314 1841 1565 1900 ducenS.

379 1946 583 2009 Coxae
631 1948 831 2026 quarti
879 1947 1048 2026 paris
1094 1944 1364 2028 paullum
1415 1947 1713 2010 dilatatae.

374 2055 760 2117 Differentia
805 2055 1079 2117 sexualis
1127 2073 1339 2133 parva.

375 2164 597 2225 Pedes
645 2183 809 2244 saepe
851 2162 1220 2244 longissimi.

377 2380 657 2459 Species
727 2401 891 2461 saepe
961 2382 1322 2461 graciliores
1383 2389 1447 2443 et
1506 2380 1845 2441 discolores
1902 2381 2083 2460 hujus
2142 2379 2388 2443 familiae
2446 2378 2645 2439 adhuc

523 2497 760 2550 tantum
807 2488 869 2549 in
916 2489 1210 2552 America
1255 2488 1630 2574 (praesertim
1681 2488 2096 2571 meridionali)
2145 2488 2429 2548 inventae.

374 2705 648 2769 Genera
692 2705 872 2785 hujus
919 2704 1190 2782 familiae,
1247 2708 1324 2768 ab
1373 2704 1809 2786 illustrissimis
1859 2703 1928 2767 C.
1977 2704 2050 2765 L.
2100 2704 2278 2766 Koch
2326 2712 2391 2765 et
2429 2698 2647 2764 =Sim-on

526 2820 771 2888 creata,
840 2816 995 2875 bene
1045 2815 1298 2877 definita
1342 2815 1489 2876 mihi
1535 2834 1654 2874 non
1701 2813 2019 2885 videntur,
2083 2813 2244 2892 quod
2287 2812 2348 2871 in
2396 2823 2646 2871 numero

526 2921 688 3001 (tam
742 2921 946 3004 vario)
1008 2923 1402 2984 articulorum
1460 2922 1782 2983 tarsalium
1838 2921 2108 2981 maxima
2164 2928 2342 3000 parte
2390 2919 2650 2979 fundata

523 3037 687 3090 sunt.
757 3030 1026 3091 Materia
1070 3050 1190 3091 non
1228 3031 1478 3105 sufficit,
1525 3039 1594 3091 ut
1631 3049 1860 3108 genera
1896 3038 2075 3090 acute
2115 3027 2645 3100 circumscribam

523 3157 711 3217 quare
758 3128 987 3218 genera
1032 3158 1151 3199 non
1201 3138 1391 3218 erigo,
1437 3157 1513 3199 ne
1560 3137 2085 3217 perturbationem
2134 3155 2412 3216 augeam.

761 3467 802 3521 C
820 3469 864 3520 Ο
883 3469 920 3523 S
935 3469 993 3521 Μ
1006 3467 1057 3521 Ε
1072 3468 1116 3519 Τ
1130 3470 1179 3523 U
1195 3468 1231 3522 S
1277 3468 1449 3539 Perty
1496 3458 1621 3536 (nec
1667 3467 1849 3530 Koch,
1896 3486 1996 3521 nec
2045 3468 2271 3537 Simon).

1023 3677 1510 3757 Conspectus
1570 3680 2021 3757 specierum.

366 3789 474 3851 A.
555 3785 729 3847 Coxa
774 3794 996 3866 quarta
1039 3805 1339 3866 processu
1386 3785 1717 3848 destituta:

678 3913 734 3955 a.
803 3895 961 3955 Pars
1031 3893 1309 3974 superior
1376 3893 1634 3975 globosa
1701 3895 1944 3958 articuli
2009 3894 2183 3974 primi
2244 3902 2648 3955 antennarum

803 4020 960 4081 pone
1008 4002 1111 4064 vix
1158 4002 1486 4082 granulata
1543 4049 2089 4065 .........
2137 4005 2198 4063 C.
2256 4006 2641 4079 maryinatua

678 4111 735 4171 b.
804 4110 962 4171 Pars
1033 4110 1313 4191 superior
1378 4111 1639 4192 globosa
1707 4110 1949 4173 articuli
2010 4112 2188 4191 primi
2245 4119 2647 4171 antennarum

771 4218 1011 4297 *granis
1069 4220 1268 4280 acutis
1326 4239 1485 4299 pone
1533 4221 1757 4280 scabra
1809 4264 2222 4281 .......
2271 4220 2337 4279 C.
2388 4221 2647 4278 oren-sis,

356 4333 458 4393 Β.
543 4325 721 4388 Coxa
767 4334 987 4405 quarta
1034 4326 1378 4407 (utriusque
1426 4329 1650 4410 sexus)
1700 4327 2056 4406 processulo
2102 4327 2437 4387 instructa:

552 4435 609 4497 1.
683 4433 907 4496 Sulcus
977 4442 1370 4495 transversus
1438 4435 1671 4513 primus
1741 4436 1899 4496 scuti
1961 4434 2359 4507 manifestus;
2430 4432 2650 4492 limbus

679 4540 958 4616 lateralis
1007 4543 1204 4622 (haud
1249 4542 1610 4626 manifeste)
1661 4545 1998 4605 discretus:
