3281 5461
1337 417 1466 482 595
1508 509 1556 516 ἢ

272 631 659 681 Antennarum
718 643 849 696 pars
905 629 1142 698 globosa
1196 627 1416 681 articuli
1471 627 1630 697 primi
1688 630 1874 681 ordine
1928 646 2227 699 granorum
2292 631 2527 701 angula·

407 719 590 766 torum
632 730 776 782 pone
820 713 1113 773 instructa.
1162 721 1405 766 ceterum
1451 712 1731 766 subtiliter
1774 713 2042 768 coriacea.

270 798 579 866 Palporum
632 797 1003 852 maxillarium
1060 815 1190 867 pars
1249 797 1525 851 femoralis
1588 798 1777 851 ordine
1819 800 2074 852 inferiore
2120 801 2529 853 tuberculorum

411 878 566 952 (sex)
613 891 849 945 armata,
908 885 1129 937 dorsum
1175 882 1298 952 ejus
1345 883 1535 953 granis
1582 885 1818 945 obtusis,
1865 885 2068 955 partim
2106 885 2527 947 confluentibus,

409 968 749 1029 cai-inanum
817 985 949 1037 pars
994 967 1282 1038 patellaris
1339 969 1437 1023 vix
1480 970 1777 1038 depressa,
1840 970 2051 1040 apicem
2096 988 2289 1025 versus
2335 971 2527 1031 latior;

410 1054 586 1123 partis
643 1052 850 1107 tibialis
907 1070 1099 1124 margo
1143 1053 1371 1107 interior
1414 1060 1753 1108 extenuatus
1800 1054 1855 1108 in
1899 1057 2248 1110 tuberculum
2291 1056 2528 1126 apicale.

409 1141 596 1201 breve,
640 1146 974 1209 porrectum,
1010 1141 1334 1209 productu8‚
1380 1157 1571 1210 margo
1595 1140 1840 1194 exterior
1863 1141 2072 1211 apicem
2111 1159 2301 1195 versus
2336 1141 2533 1197 leviter

410 1232 707 1293 crenatus;
770 1242 902 1295 pars
947 1223 1173 1278 tarsalis
1222 1223 1357 1278 setis
1402 1226 1662 1280 brevibus
1707 1226 1952 1279 robustis
1997 1226 2253 1298 utrinque
2297 1232 2530 1280 armata.

416 1309 626 1380 Unguis
673 1309 893 1364 dimidio
938 1310 1115 1380 partis
1162 1310 1387 1364 tarsalis
1410 1310 1665 1369 brevior.
2524 1309 2530 1315 “

265 1394 456 1448 Pedes
519 1401 611 1448 sat
667 1397 898 1457 brevem
967 1412 1112 1449 coxa
1184 1402 1385 1465 quarta
1450 1398 1773 1466 processulo
1842 1397 1957 1450 fere
2023 1405 2176 1451 recto
2243 1397 2536 1459 instructa,

378 1478 614 1545 bonico,
650 1487 836 1543 acuto.
871 1488 1170 1535 retrorsum
1195 1470 1434 1545 directo;
1479 1483 1692 1536 femora
1713 1483 1911 1553 leviter
1933 1487 2185 1543 arcuata,
2224 1488 2289 1537 ut
2310 1483 2536 1553 patellae

304 1555 312 1561 ’
407 1570 467 1619 et
530 1565 681 1618 tibiae
749 1583 983 1637 aspera;
1072 1566 1293 1620 articuli
1356 1570 1596 1623 tarsales
1671 1567 1751 1637 (in
1820 1567 2093 1638 exemplis
2165 1566 2539 1637 septendecim

407 1650 767 1722 enumerati):
830 1653 973 1720 (4—)
1018 1648 1081 1713 5;
1129 1651 1271 1721 (s-)
1317 1653 1380 1715 63
1426 1653 1491 1715 5;
1537 1653 1588 1707 5.
1655 1654 1937 1723 (exemplo
1995 1653 2089 1706 uni
2153 1653 2255 1707 soli
2321 1653 2541 1707 articuli

408 1738 648 1790 tarsales
704 1736 861 1806 pedis
919 1736 1077 1807 primi
1134 1737 1363 1791 alterius
1420 1738 1454 1791 4
1499 1728 1756 1805 (alterius
1802 1740 1893 1806 5),
1960 1739 2217 1809 exemplo
2280 1738 2387 1792 alio
2435 1738 2535 1791 soli

408 1821 624 1875 articuli
692 1823 935 1876 tarsales
1005 1823 1161 1892 pedis
1231 1823 1456 1876 secundi
1523 1825 1753 1878 alterius
1813 1825 1848 1878 5
1904 1824 2160 1892 (alterius
2206 1825 2264 1890 6)
2329 1824 2534 1890 erant).

408 1907 705 1978 Unguiculi
769 1906 1002 1980 integri;
1097 1926 1392 1979 processus
1459 1909 1762 1963 terminalis
1829 1909 2047 1964 dimidio
2114 1908 2537 1981 unguiculorum
2603 1906 2606 1909 ’

404 1991 751 2063 longitudine
797 1993 896 2047 vix
940 1993 1190 2064 aequalis·
1334 2008 1338 2012 ·
1508 1978 1521 1993 ’

262 2077 608 2132 Differentia
654 2079 942 2133 sexualis:
988 2080 1155 2132 maris
1201 2079 1525 2132 robustioris
1571 2080 1927 2149 processulus
1976 2079 2190 2134 coxalis
2236 2079 2435 2148 major.

262 2163 516 2217 Picturae
563 2163 912 2217 adumbratio
959 2167 1185 2226 eadem,
1256 2182 1378 2235 quae
1427 2166 1488 2220 G.
1537 2165 1832 2236 Argentini
1879 2170 1997 2226 est,
2069 2166 2218 2218 color
2261 2167 2542 2217 brunneus
2631 2206 2636 2211 .

403 2248 584 2319 magis
629 2255 899 2303 extensus
945 2257 1004 2303 et
1050 2257 1274 2304 saturus
1322 2257 1440 2313 est,
1497 2252 1579 2304 ita
1622 2257 1688 2303 ut
1725 2251 1785 2304 C.
1824 2250 2277 2321 Paraguayensis
2326 2249 2544 2304 sordide

403 2334 631 2395 fuscus,
719 2336 940 2405 pictura
1006 2335 1222 2389 sordide
1301 2342 1554 2390 testacea
1624 2343 1854 2389 ornatus
1923 2352 2049 2388 esse
2117 2335 2378 2389 dicendus
2449 2335 2542 2388 sit.

404 2420 749 2474 Metatarsus
807 2420 1006 2474 tertius
1065 2421 1245 2475 anulis
1304 2421 1523 2483 dilutis,
1591 2421 1848 2492 angustis
1909 2422 2125 2473 duobus
2181 2421 2272 2474 vel
2335 2420 2543 2481 tribuS‚

406 2513 638 2576 quartus
720 2506 958 2578 quatuor
1036 2524 1213 2578 usque
1279 2508 1350 2560 ad
1422 2514 1633 2577 septem
1715 2506 1946 2576 (primus
2015 2506 2311 2576 perpaucis
2381 2506 2544 2575 raro)

404 2597 652 2647 notatus·

259 2676 459 2748 Long.
507 2694 657 2748 corp.
704 2678 769 2740 43
813 2678 913 2737 lat,
965 2677 1108 2732 scuti
1151 2678 1262 2746 3,⁶;
1308 2668 1408 2749 pes
1455 2678 1663 2747 primus
1690 2676 1751 2740 73
1801 2678 2075 2730 secundus
2103 2676 2200 2740 12;
2251 2676 2455 2732 tertius
2480 2678 2543 2742 8;

404 2769 638 2833 quartus
686 2763 770 2817 13.
1338 2789 1341 2790 ⁷
1502 2835 1505 2840 .

257 2848 494 2902 Patria:
564 2847 905 2918 Respublica
947 2849 1420 2920 Paraguayensis.
1516 2849 1577 2902 In
1623 2851 1743 2902 loco
1802 2849 2037 2919 quodam
2094 2848 2317 2901 »Monte
2363 2849 2530 2903 Rita«

401 2934 722 3003 appellate,
781 2952 919 3005 erga
964 2935 1162 2989 ostium
1207 2934 1441 2988 fluminis
1498 2935 1633 2988 »Rio
1680 2933 1967 3002 Bermejo«
2023 2936 2157 2998 sito,
2218 2933 2272 2986 in
2319 2952 2533 3004 campo,

402 3020 713 3073 arbusculis
760 3020 899 3073 raris
946 3020 1145 3080 obsito,
1200 3023 1302 3073 sub
1348 3020 1543 3090 tigillis
1589 3027 1650 3073 et
1692 3020 1899 3074 tabulis
1946 3018 2225 3072 veteribus
2272 3022 2529 3091 frequen-

399 3104 668 3160 tissimus,
777 3106 1060 3176 Exempla
1116 3110 1330 3176 septem
1383 3111 1442 3157 et
1497 3105 1783 3176 octoginta
1825 3104 1964 3167 vidi,
2027 3106 2234 3157 Musaeo
2279 3122 2315 3159 a
2357 3105 2525 3159 nobili

400 3190 474 3244 E.
523 3192 590 3244 de
635 3193 859 3245 Benzon
905 3193 1057 3245 data.

445 3384 583 3436 Haec
646 3383 859 3453 species
905 3383 1097 3456 generi
1143 3384 1402 3455 Cynortae
1451 3385 1635 3440 Simon
1678 3385 1913 3440 forsitan
1961 3386 2373 3439 annumeranda
2416 3391 2522 3439 est.

445 3468 588 3523 Huic
624 3470 827 3540 speciei
861 3476 920 3522 et
952 3470 1288 3540 praecedenti
1323 3470 1584 3525 orificium
1618 3473 1951 3541 (obtectum)
1980 3473 2263 3543 glandulae
2301 3470 2522 3523 foetidae

253 3563 320 3608 ut
371 3553 518 3607 rima
561 3554 743 3610 brevis
790 3556 1083 3609 formatum
1127 3563 1232 3609 est.

872 3907 1204 3970 Familia
1257 3907 1378 3970 111:
1452 3890 1925 3964 Assamioidoe.

251 4071 482 4132 Lobus
526 4066 868 4129 maxillaris
918 4086 1209 4129 coxarum
1257 4067 1510 4129 secundi
1556 4066 1725 4147 paris
1773 4066 1975 4127 deest.

251 4177 604 4255 Palporum
651 4183 862 4254 partes
908 4175 1140 4236 tibialis
1179 4184 1242 4236 et
1274 4175 1528 4236 tarsalis
1565 4175 1996 4253 complanatae,
2045 4173 2279 4235 aculeis
2315 4153 2522 4252 parvis

296 4355 307 4361 -
399 4283 538 4365 (vel
584 4284 735 4345 setis
780 4284 1118 4364 robustis),
1188 4302 1320 4362 quae
1376 4282 1754 4363 marginibus
1812 4280 2162 4344 extenuatis
2217 4280 2521 4359 impositae

397 4400 575 4466 sunt,
655 4391 854 4453 rarius
935 4390 1129 4471 spinis
1196 4399 1482 4465 armatae3
1560 4400 1775 4470 partes
1839 4388 2074 4451 tibialis
2142 4396 2206 4449 et
2269 4387 2521 4449 tarsalis

2009 4506 2109 4562 33.
