3281 5461
1610 434 1968 533 232„-

693 634 1101 721 leptoidarum
1175 642 1257 722 (s.
1321 641 1467 720 str.)
1550 649 1616 702 et
1687 640 2281 721 Coelopygoidarum
2348 640 2733 720 intelligendi
2801 641 2946 716 sint,

694 750 926 811 nescio,
1030 748 1232 819 Quum
1294 760 1524 810 certum
1589 750 1705 822 sit,
1776 757 2096 827 segmenta
2155 749 2498 810 abdominis
2556 748 2944 828 Opilionibus

695 865 835 918 octo
906 878 1079 931 esse,
1149 856 1330 918 facile
1397 858 1737 936 putandum
1806 865 1932 930 est,
2002 857 2209 918 sulcos
2278 858 2461 918 etiam
2529 857 2627 917 his
2694 856 2944 917 familiis

693 964 922 1026 limites
970 969 1109 1025 es'se
1157 964 1619 1041 elementorum,
1669 972 1906 1026 scutum
1957 964 2242 1025 dorsuale
2281 965 2804 1026 constituentium.
2876 965 2945 1025 Si

693 1081 901 1134 autem
958 1073 1256 1134 rationem
1315 1074 1545 1148 habeo,
1616 1092 1823 1134 aream
1883 1073 2155 1152 quintam
2225 1073 2417 1146 scuti,
2487 1071 2658 1133 sulco
2727 1082 2944 1152 quarto

588 1227 599 1235 .
692 1181 1071 1255 abscissam,
1139 1180 1321 1260 vulgo
1367 1182 1727 1259 perbrevem
1789 1198 1925 1241 esse
1986 1190 2050 1240 et
2106 1181 2318 1241 eodem
2376 1180 2558 1240 modo
2617 1199 2943 1259 apparere,

694 1307 812 1368 quo
859 1308 1008 1349 area
1054 1297 1237 1349 sexta
1282 1288 1831 1367 Pachyloidarum,
1902 1288 2315 1349 consideratio
2373 1307 2490 1348 non
2542 1287 2725 1367 plane
2774 1288 2946 1368 rejici

690 1404 934 1475 potest,
1026 1394 1259 1457 sulcum
1341 1404 1719 1474 postremum
1795 1395 2145 1480 (quartum)
2216 1396 2402 1458 etiam
2470 1394 2945 1476 Gonyleptoidis

693 1506 777 1586 (s,
825 1503 974 1587 str.)
1025 1513 1087 1565 et
1128 1502 1603 1584 Coelopygoidis
1651 1523 1771 1564 non
1821 1523 1959 1564 esse
2007 1503 2262 1565 limitem
2309 1504 2610 1582 segmenti
2657 1503 2941 1564 abdomi-

691 1612 851 1672 nalis
922 1613 1120 1691 quarti
1193 1613 1303 1672 sed
1370 1611 1837 1691 impressionem
1907 1612 2121 1686 modo,
2210 1611 2458 1672 limbum
2537 1612 2943 1690 posteriorem

691 1720 1147 1793 abscidentem,
1233 1720 1374 1779 dum
1450 1727 1773 1797 segmenta
1841 1719 1999 1780 scuti
2067 1717 2342 1780 ultimum
2413 1729 2477 1780 et
2547 1715 2945 1797 penult-imum

692 1826 1034 1888 coaluerint
1076 1827 1167 1888 ita
1211 1836 1279 1888 ut
1320 1812 1659 1888 internosci
1706 1837 2035 1909 nequeant.
2125 1826 2250 1888 Sed
2298 1846 2657 1907 quacunque
2704 1827 2943 1887 ratione

689 1934 806 1995 hoc
851 1936 1378 2014 interpretandum
1428 1944 1556 2009 est,
1615 1954 1878 2013 genera,
1942 1954 2074 2014 quae
2135 1935 2478 2014 propinqua
2523 1944 2668 1995 sunt
2713 1944 2944 2008 cetera,

693 2043 880 2104 etiam
923 2042 1040 2103 hac
1086 2042 1149 2101 in
1198 2062 1264 2103 re
1313 2042 1537 2103 similia
1583 2051 1746 2103 sunt.

861 2258 1100 2318 Venter
1166 2258 1508 2319 abdominis
1575 2258 1636 2317 in
1708 2266 2028 2337 segmenta
2095 2276 2206 2319 sex
2276 2259 2508 2320 divisus
2577 2268 2706 2331 est,
2762 2267 2937 2317 -cute

689 2365 858 2426 molli
885 2366 1226 2445 disjuncta3
1277 2364 1430 2426 sulci
1478 2366 1819 2427 transversi
1867 2375 2071 2427 autem
2118 2384 2292 2445 paene
2339 2373 2700 2427 constanter
2734 2365 2934 2425 mani-

688 2472 834 2534 festi
881 2482 1337 2552 segmentorum
1382 2474 1561 2553 primi
1608 2482 1673 2534 et
1718 2474 1880 2534 sexti
1928 2476 2385 2547 demonstrant,
2452 2481 2773 2554 utrumque
2818 2473 2960 2557 hoc*

689 2590 1069 2661 segmentum
1117 2600 1149 2641 e
1198 2585 1533 2662 segmentis
1579 2581 1740 2642 binis
1787 2580 2116 2642 formatum
2165 2600 2325 2642 esse.

860 2797 1233 2859 Animalium
1276 2798 1377 2859 hic
1427 2798 1874 2877 descriptorum
1910 2798 2206 2859 Assamia
2249 2819 2309 2860 n.
2358 2818 2409 2877 g.
2465 2796 2757 2859 memoria
2803 2795 2934 2857 sine

687 2904 867 2965 dubio
927 2905 1290 2982 dignissima
1347 2914 1479 2966 est:
1544 2907 1619 2966 ob
1679 2913 2050 2967 structuram
2097 2905 2418 2986 palporum
2463 2907 2626 2968 inter
2672 2904 2932 2967 Cosme-

683 3012 847 3072 tidas
874 3013 1052 3073 Koch
1090 2989 1470 3074 numeranda
1514 3020 1612 3074 est
1659 3021 1722 3073 et
1766 3023 2020 3093 propter
2066 3023 2435 3076 armaturam
2487 3015 2813 3076 eorundem
2854 3014 2933 3073 ad

591 3151 603 3160 ·
686 3117 1075 3182 Cosmetides'
1135 3131 1244 3183 aut
1299 3123 1377 3182 ad
1421 3120 1876 3201 Gonyleptides
1925 3122 2010 3204 (s,
2063 3121 2171 3184 lat.
2216 3122 2286 3185 G.
2324 3125 2397 3184 L.
2437 3120 2650 3205 Koch)
2718 3122 2933 3182 referri

683 3236 896 3307 potest
937 3265 1022 3274 —
1066 3237 1137 3290 ut
1178 3229 1350 3290 libet.

1002 3552 1455 3632 Explicatio
1501 3555 1996 3615 terminorum
2042 3535 2595 3615 nonnullorum.

682 3701 875 3748 Areae
947 3696 1088 3748 scuti
1157 3695 1429 3749 dorsualis
1499 3697 1668 3750 sulcis
1736 3697 2067 3750 transversis
2130 3703 2406 3763 separatae
2472 3701 2630 3756 sunt;
2698 3694 2929 3766 primam

808 3782 1279 3851 cephalothorax‚
1359 3787 1575 3834 sextam
1638 3782 1710 3846 (si
1779 3784 1963 3850 adest)
2047 3782 2245 3833 limbus
2325 3782 2599 3851 posterior
2658 3780 2930 3850 segmenti

807 3866 1167 3921 abdominalis
1227 3868 1408 3937 quarti
1464 3868 1728 3921 efficiunt.
1845 3868 2110 3936 (·»Ma;rg0
2167 3868 2441 3935 posterior
2500 3866 2674 3920 souti«
2740 3874 2929 3919 autem

806 3953 926 4020 ipse
981 3969 1173 4021 margo
1229 3970 1374 4005 areae
1432 3954 1639 4006 ultimae
1701 3971 1799 4005 nec
1857 3954 1972 4005 ulla
2027 3969 2161 4005 area
2216 3961 2321 4005 est.
2382 3983 2460 3991 —
2534 3951 2919 4020 »Longitudon

807 4054 1061 4091 arearum
1107 4047 1194 4092 est
1241 4041 1538 4091 seeundum
1584 4037 1979 4108 longitudinem
2025 4037 2316 4107 eorporis).

680 4122 1074 4176 Emissaria
1138 4123 1435 4193 liquoris
1504 4123 1759 4176 foetidi
1839 4126 2052 4176 duobus
2118 4124 2291 4176 modis
2359 4125 2633 4176 instructa
2700 4119 2927 4190 sunt¹):

807 4216 908 4261 aut
952 4226 1026 4261 ex
1060 4208 1275 4261 orificiis
1317 4208 1549 4262 detectis
1595 4210 1985 4278 glandularum
2031 4209 2360 4266 foetidamm
2408 4210 2657 4263 oriuntur
2702 4210 2928 4262 canales

739 4429 788 4501 ¹)
849 4434 1185 4504 Inspiciatur
1228 4441 1505 4488 tractatus
1551 4452 1706 4488 meus
1763 4437 1898 4488 »Om
1937 4437 2269 4508 Bygningen
2316 4438 2380 4490 af
2421 4436 2922 4508 Gonyleptiderne«

848 4538 905 4590 p.
955 4521 1071 4575 180.
