3281 5461
1359 437 1480 502 561

301 642 784 704 beschriebenen
834 641 1386 720 Mundwerkzeuge
1447 643 1556 702 der
1603 639 2017 702 Chernetiden
2081 639 2556 718 entsprechen«.

301 752 529 812 Tamen
614 769 797 811 unam
876 769 1001 809 rem
1087 732 1484 810 doctissimus
1554 749 1821 810 Stecker
1899 766 2111 825 parum
2196 745 2559 821 aestimavit3

302 878 362 937 p.
411 859 536 923 309
585 858 741 918 enim
793 857 1046 918 dicitur:
1127 857 1303 918 »Wie
1354 858 1450 918 bei
1497 858 1616 917 den
1663 855 2020 918 Araneinen
2069 855 2209 930 tritt
2253 856 2410 916 auch
2460 853 2562 915 bei

303 964 691 1027 Gibocellum
773 965 906 1027 eine
996 960 1270 1044 unpaare
1354 963 1720 1044 Kinnplatte
1801 964 2015 1036 hinzu‚
2106 963 2335 1024 welche
2428 961 2561 1023 sich

302 1072 603 1134 zwischen
640 1071 737 1134 die
760 1073 1120 1134 Kaustiicke
1162 1074 1271 1133 des
1309 1081 1512 1133 ersten
1536 1071 2156 1149 Unterkieferpaares
2193 1069 2559 1143 einschiebt‚

301 1182 421 1241 und
472 1200 541 1241 so
589 1180 722 1241 eine
770 1189 987 1241 untere
1034 1179 1458 1259 Mundklappe
1507 1179 1760 1247 bildet.«
1872 1179 2062 1239 Hisce
2111 1178 2315 1239 verbis
2364 1176 2557 1255 signi-

301 1288 472 1349 ficari
519 1288 665 1348 mihi
709 1289 1042 1349 manifesto
1093 1288 1367 1362 videtur,
1430 1287 1616 1348 etiam
1667 1285 2032 1374 Gibbocello
2088 1285 2241 1346 illud
2289 1304 2560 1365 organon

302 1398 560 1470 adesse,
630 1398 788 1476 quod
849 1395 1078 1457 labium
1137 1394 1483 1479 sternale¹)
1545 1393 1875 1456 nominavi.
1982 1392 2239 1454 Labium
2290 1391 2561 1454 sternale

301 1512 507 1564 autem
558 1502 859 1586 (Araneis
907 1501 1002 1586 et)
1051 1503 1440 1583 Opilionibus
1488 1504 1693 1572 adest,
1749 1503 1859 1562 sed
1909 1491 2313 1562 Chelonethis
2361 1501 2561 1573 deest,

301 1630 554 1691 quorum
591 1630 660 1672 os
698 1611 947 1690 fingitur
983 1631 1059 1672 ex
1099 1631 1244 1690 pare
1282 1630 1401 1672 uno
1440 1609 1828 1676 maxillarum
1861 1606 2271 1692 (auctorum),
2321 1606 2562 1686 clypeo,

299 1710 470 1780 labro
520 1739 655 1780 cum
704 1708 1151 1800 epipharynge‘
1181 1718 1440 1793 coalito,
1524 1719 2041 1797 hypopharynge‚
2127 1715 2561 1777 articulatione

301 1827 540 1888 inserta
564 1834 628 1887 et
649 1826 944 1888 musculis
982 1826 1191 1887 mobili
1208 1825 1289 1908 2).
1361 1826 1584 1896 Quoad
1621 1845 1874 1905 organa,
1924 1844 2056 1904 quae
2098 1825 2264 1885 doct.
2297 1823 2562 1884 Stecker

312 1935 446 1996 »die
494 1935 857 1996 Kaustiicke
920 1936 1030 1995 des
1079 1944 1286 1996 ersten
1337 1933 1992 2013 Unterkieferpaares«
2046 1931 2356 2010 appellat,
2416 1930 2561 1990 mihi

303 2051 597 2122 apparet,
665 2043 798 2103 haec
847 2061 1081 2122 organa
1125 2061 1245 2104 non
1290 2042 1579 2103 maxillas
1628 2042 1738 2102 sed
1787 2040 1961 2102 lobos
2010 2039 2366 2100 maxillares
2414 2057 2559 2099 cox-

208 2226 212 2228 ἡ
304 2171 471 2212 arum
542 2150 719 2230 primi
790 2150 957 2230 paris
1028 2152 1201 2224 e'sse,
1244 2230 1245 2235 η
1284 2164 1346 2212 et
1401 2150 1691 2212 maxillas
1750 2150 1915 2210 doct.
1966 2146 2233 2213 Stecker
2288 2165 2353 2206 re
2414 2165 2562 2207 vera

303 2246 629 2338 effugisse.
1546 2302 1550 2308 ,

472 2367 543 2427 In
603 2366 885 2445 diagnosi
944 2366 1176 2427 ordinis
1237 2365 1975 2447 Cyphophthalmidarum
2037 2364 2235 2445 (Ann.
2286 2383 2342 2424 a.
2391 2364 2556 2441 Mag.

299 2475 341 2536 l.
392 2495 444 2536 c.
495 2494 556 2553 p.
605 2475 764 2555 241)
827 2473 1227 2535 doctissimus
1276 2473 1541 2535 Stecker
1596 2475 1671 2535 de
1720 2472 2085 2536 Gibbocello
2134 2470 2313 2532 dicit:
2382 2471 2557 2532 »An-

299 2591 503 2644 tennae
530 2583 811 2658 chelatae,
855 2581 1050 2643 tribus
1076 2581 1356 2643 articulis
1384 2581 1809 2661 compositae«.
1859 2578 2249 2659 Opilionibus
2274 2587 2557 2639 antennae

299 2690 579 2752 articulis
625 2691 846 2765 tribus,
896 2690 1298 2753 Chelonethis
1348 2698 1553 2753 autem
1602 2691 1839 2751 duobus
1887 2686 2247 2767 compositae
2294 2697 2457 2747 sunt.

468 2799 889 2861 Doctissimus
961 2798 1227 2860 Stecker
1304 2800 1378 2859 de
1462 2799 1722 2894 pedibus
1805 2796 2130 2879 gressoriis
2211 2794 2558 2856 Gibbocelli

192 2961 199 2966 .
299 2907 480 2990 (ibid.
540 2927 602 2987 p.
664 2905 824 2990 237)
885 2907 1065 2969 dicit:
1134 2935 1185 2966 ο.
1229 2956 1239 2967 .
1284 2954 1297 2967 .
1359 2926 1398 2968 a
1451 2907 1605 2968 tibia
1664 2906 1983 2966 furnished
2045 2903 2185 2966 with
2244 2922 2281 2962 a
2337 2900 2555 2963 visible

297 3015 566 3095 patella«
594 3014 675 3096 3).
791 3014 1180 3094 Opilionibus
1247 3014 1400 3075 tibia
1465 3015 1691 3094 pedum
1752 3012 2194 3093 gressoriorum
2259 3010 2358 3093 (et
2413 3009 2555 3089 pal-

302 3125 550 3204 porum)
621 3123 682 3184 in
751 3122 1046 3202 patellam
1107 3131 1170 3183 et
1225 3122 1438 3183 tibiam
1496 3121 1582 3205 (s,
1645 3119 1793 3204 str.)
1852 3120 2082 3194 divisa,
2154 3117 2555 3180 Chelonethis

300 3240 506 3293 autem
552 3250 676 3291 non
722 3231 924 3293 divisa
969 3231 1085 3293 est.

357 3495 406 3569 1)
477 3502 597 3562 Quo
644 3499 856 3553 nomine
918 3498 1233 3569 significare
1279 3504 1512 3552 conatus
1560 3515 1715 3557 cum,
1783 3497 1887 3549 hoc
1934 3512 2179 3565 organon
2227 3497 2550 3563 productum

471 3586 643 3639 sterni
708 3602 863 3647 esse,
931 3603 1064 3646 nec,
1132 3601 1280 3639 more
1347 3584 1479 3638 labii
1546 3585 1921 3643 Insectorum‚
1992 3599 2127 3650 pare
2190 3583 2574 3640 membrorum,
2641 3585 2644 3588 '

469 3672 791 3725 coalitoram
838 3670 944 3723 oris
995 3671 1154 3741 fingi.

354 3750 405 3825 2)
474 3757 811 3825 Inspiciatur
851 3754 1041 3827 flqura
1102 3755 1209 3808 oris
1261 3754 1528 3809 Cheliferi
1589 3753 1909 3822 cujusdam,
1980 3754 2050 3805 ab
2106 3752 2204 3808 ill.⁴
2235 3751 2551 3819 Croneberg

468 3842 764 3895 delineata.
815 3842 908 3906 (L.
956 3861 1003 3895 c.
1052 3842 1152 3895 Tb.
1200 3842 1329 3902 XV,
1375 3840 1496 3910 Fig.
1545 3840 1624 3908 9).

356 3920 407 3996 3)
476 3930 680 3981 Tamen
736 3927 958 3980 dubium
1013 3933 1131 3987 est,
1200 3943 1272 3980 an
1327 3925 1545 3979 articuli
1602 3927 1804 3994 pedum
1851 3921 2254 3994 gressoriorum
2315 3938 2350 3974 a
2404 3924 2547 3976 doct.

472 4013 706 4066 Stecker
760 4020 908 4065 recte
982 4012 1284 4064 enumerati
1343 4012 1452 4064 sint
1507 4018 1563 4064 et
1619 4028 1691 4063 an
1750 4011 1963 4077 patella
2018 4008 2194 4068 adsit;
2263 4024 2388 4059 nam
2446 4008 2544 4059 Tb.

467 4099 651 4160 XVII,
698 4098 817 4166 Fig.
864 4099 896 4151 6
953 4098 1142 4165 (Arch.
1201 4098 1239 4152 f.
1287 4098 1419 4150 Nat.
1477 4097 1515 4150 l.
1575 4095 1650 4166 c.)
1728 4095 1981 4148 nTarsal-
2051 4096 2157 4146 und
2221 4091 2545 4162 Tibialglied

468 4186 563 4237 des
632 4184 866 4237 zweiten
928 4183 1295 4253 Beinpaares«
1364 4182 1635 4242 ostendit;
1707 4183 1804 4233 sed
1870 4179 2147 4249 particula
2213 4179 2297 4231 his
2365 4177 2546 4231 verbis

468 4271 611 4322 doct.
684 4270 918 4323 Stecker
994 4269 1406 4338 »Tarsalglied«
1483 4268 1806 4337 appellata,
1898 4264 2278 4320 verosimiliter
2357 4271 2544 4316 tarsus

469 4373 513 4408 S.
542 4364 640 4409 str.
667 4361 775 4415 est,
820 4354 902 4407 ita
946 4362 1009 4408 ut
1044 4354 1333 4416 articuluS,
1379 4354 1464 4407 his
1490 4353 1671 4407 verbis
1698 4354 1843 4406 doct.
1875 4352 2109 4405 Stecker
2142 4349 2535 4420 »Tibialglied«

466 4442 806 4511 appellatuS,
833 4440 1215 4494 verosimiliter
1235 4446 1574 4494 metatarsus
1599 4445 1704 4493 est.
1750 4438 2078 4508 Figuratum
2103 4436 2256 4488 nulla
2280 4436 2544 4505 patellam

464 4534 755 4581 monstrat.

2068 4637 2135 4690 36
