3281 5461
1237 436 1565 555 ΑΨ,

753 687 1076 749 Familia
1119 689 1181 749 I:
1232 671 1800 768 ’Phalanyodidoe
1856 688 2087 751 Simon.

460 800 895 872 Phalangodidae
935 803 1004 855 E.
1034 802 1235 856 Simon.
1285 800 1628 854 Arachnides
1676 805 1742 855 de
1791 803 2020 857 France.
2069 804 2131 858 T.
2158 804 2284 857 VII.
2331 823 2386 874 p.
2427 804 2545 857 148.

292 902 505 963 Lobus
571 904 914 964 maxillaris
984 923 1155 964 coxae
1217 904 1504 964 secundae
1562 905 1760 984 latusl,
1829 904 2158 967 manifeste
2219 905 2546 979 discretuS,

426 1010 688 1085 mobilis,-
736 1020 1082 1090 porrectuS,
1132 1020 1371 1090 partem
1416 1011 1770 1073 interiorem
1818 1012 1943 1074 lobi
1989 1012 2330 1074 maxillaris
2377 1033 2547 1074 coxae

425 1117 635 1196 primae
682 1127 746 1181 et
788 1127 1029 1199 partem
1077 1119 1446 1180 exteriorem
1491 1119 1643 1193 labii
1690 1121 1981 1182 sternalis
2029 1124 2349 1200 obtegens,

294 1225 626 1304 Spiracula
669 1227 1012 1307 perpusilla
1046 1225 1258 1310 (oculo
1296 1229 1458 1288 nudo
1494 1246 1617 1288 non
1652 1227 2106 1312 percipienda),
2157 1227 2547 1303 orbicularia‚

422 1334 696 1413 integra,
767 1335 1038 1421 margine
1110 1334 1426 1417 ciliato¹);
1514 1333 1809 1418 saltem2)
1878 1337 2087 1415 generi
2154 1336 2333 1397 unico
2402 1336 2549 1397 mihi

425 1441 670 1520 cognito
712 1452 882 1504 ante
954 1444 1052 1526 (et
1117 1440 1344 1525 prope)
1415 1443 1688 1504 carinam
1757 1451 2178 1510 transversam
2247 1444 2549 1522 segmenti

425 1549 721 1613 ventralis
770 1551 948 1630 primi
995 1551 1221 1630 posita,
1270 1570 1416 1632 erga
1462 1551 1702 1629 apicem
1752 1570 1922 1612 coxae
1971 1558 2206 1630 quartae
2254 1551 2458 1612 sitam.

290 1657 472 1720 Coxa
529 1666 750 1738 quarta
804 1659 907 1719 vix
967 1659 1258 1732 dilatata,
1328 1660 1406 1720 ab
1463 1659 1788 1720 abdomine
1847 1658 2019 1720 sulco
2079 1659 2217 1738 plus
2268 1660 2545 1720 minusve

424 1767 722 1844 profundo
771 1774 1085 1845 separata.

296 1873 615 1936 Articulus
671 1873 925 1935 tarsalis
979 1872 1226 1935 ultimus
1276 1875 1497 1953 pedum
1544 1874 1713 1934 tertii
1760 1882 1824 1934 et
1869 1874 2071 1953 quarti
2116 1875 2286 1954 paris
2335 1874 2546 1936 conice

422 1983 760 2063 productus
805 2001 920 2043 nec
969 2001 1266 2061 processu
1311 1981 1618 2043 terminali
1663 1983 2027 2044 instructus,

282 2091 660 2154 Differentia
707 2090 983 2151 sexualis
1030 2109 1150 2150 non
1198 2097 1512 2151 structura
1559 2109 1731 2150 coxae
1779 2098 2036 2169 quartae,
2085 2091 2195 2151 sed
2240 2090 2545 2152 interdum

424 2206 736 2260 structura
779 2197 1198 2259 trochanteris
1247 2198 1448 2277 quarti
1495 2198 1974 2259 demonstratur.

281 2369 554 2448 Species
623 2369 979 2448 plerumque
1050 2388 1288 2449 parvae,
1359 2389 1470 2449 per
1524 2378 1726 2429 terras
1783 2370 2045 2446 Europae
2108 2368 2547 2443 meridionaliS,

420 2478 733 2551 Africam,
823 2476 1074 2550 Asiam,
1159 2476 1513 2538 Americam
1582 2476 2130 2555 septentrionalem
2199 2476 2545 2538 distributae

424 2584 678 2665 (saltem
726 2586 994 2647 nondum
1038 2586 1099 2645 in
1147 2584 1442 2646 America
1483 2567 1872 2655 meridionali
1920 2582 2237 2665 inventae).

994 2881 1607 2937 SCOTOLEMON
1652 2882 1858 2934 LucaS.

465 2993 839 3063 Ptychosoma
884 2994 974 3046 W.
1028 2992 1082 3045 S.
1134 2990 1318 3059 (Phal.
1366 2990 1584 3058 Morph.
1635 3007 1709 3059 og
1756 2989 1908 3058 Syst.
1956 3005 2011 3056 p.
2060 2969 2220 3057 513).Ν

466 3079 855 3147 Phalangodes
902 3079 971 3131 E.
1023 3078 1078 3131 S.
1129 3076 1497 3142 (Arachnides
1544 3078 1612 3128 de
1656 3076 1885 3127 France.
1934 3074 2060 3127 VII.
2109 3091 2165 3142 p.
2216 3073 2361 3140 149).

278 3209 569 3273 Maxillae
616 3228 915 3287 processu
961 3207 1176 3286 gracili
1223 3215 1477 3282 ornatae,
1535 3207 1598 3265 in
1646 3204 1869 3284 angulo
1915 3205 2076 3265 inter
2120 3204 2317 3283 ipsam
2366 3224 2547 3264 max-

422 3316 594 3378 illam
660 3326 723 3378 et
777 3323 1016 3394 partem
1074 3315 1455 3394 palpigeram
1514 3312 1740 3392 posito,
1856 3313 2087 3373 Omnes
2146 3320 2356 3390 partes
2403 3313 2546 3391 pal-

424 3443 641 3504 porum
689 3424 1030 3485 validorum
1077 3431 1391 3484 armatura
1438 3421 1646 3482 valida
1690 3421 2030 3481 instructae.

279 3533 478 3597 Labii
525 3532 815 3594 sternalis
862 3551 1009 3610 pars
1056 3530 1258 3592 mollis
1307 3540 1407 3591 sat
1450 3549 1695 3608 magna.

279 3644 501 3705 Tuber
549 3641 902 3702 oculiferum
952 3659 1258 3717 magnum,
1305 3639 1556 3699 inerme.

283 3753 558 3814 Scutum
640 3748 925 3809 dorsuale
995 3749 1223 3809 inerme
1294 3747 1482 3807 sulcis
1549 3745 1926 3807 transversis
1995 3744 2256 3824 quinque
2325 3742 2548 3821 partim

427 3857 727 3917 obsoletis
797 3857 1088 3929 divisum,
1162 3874 1413 3935 quorum
1464 3853 1621 3914 nulli
1679 3853 1850 3914 sulco
1908 3850 2337 3931 longitudinali
2394 3869 2547 3910 con-

419 3966 642 4046 juncti.
808 3973 811 3976 ’

283 4126 380 4133 -——

354 4217 410 4290 ¹)
474 4217 802 4270 Eminentiis
852 4216 1157 4287 squamosis
1204 4213 1607 4283 microscopiois
1653 4211 2017 4282 integumenti
2060 4228 2236 4280 prope
2275 4209 2554 4277 spiracula

473 4304 812 4373 longioribus
859 4311 916 4356 et
961 4303 1106 4355 circa
1150 4319 1218 4355 ea
1263 4300 1517 4355 radiatim
1562 4298 1865 4368 dispositis,

345 4385 403 4465 2>
469 4389 556 4443 111.
606 4390 818 4450 Simon,
888 4388 979 4459 qui
1025 4388 1241 4441 circiter
1284 4387 1481 4457 viginti
1526 4385 1740 4455 species
1790 4384 1960 4452 hujus
2004 4382 2227 4435 familiae
2274 4380 2551 4449 cognovit,

475 4475 783 4545 (Opiliones
830 4475 1179 4529 Mecostethi.
1229 4492 1283 4543 p.
1330 4473 1388 4544 4)
1458 4475 1525 4524 de
1592 4480 1715 4525 tota
1776 4469 1984 4522 familia
2039 4467 2202 4529 dicit,
2274 4466 2554 4537 spiracula

475 4563 693 4614 occulta
736 4578 880 4613 esse.
