3281 5461
1771 411 1900 475 560

885 616 1127 677 Abhinc
1199 623 1339 677 octo
1409 634 1603 676 annos
1676 615 2070 699 doctissimus
2126 616 2207 679 A.
2270 615 2534 678 Stecker
2590 626 2958 679 structuram

715 725 1081 784 exteriorem
1131 732 1196 785 et
1238 723 1611 784 anatomiam
1659 722 1913 802 'generis
1961 722 2311 787 Gibbocelli
2369 726 2732 805 descripsit,
2802 729 2960 806 quod

714 851 849 891 cum
897 850 1121 910 genere
1169 831 1409 893 Sironis
1460 832 1573 919 (πῖ
1602 830 2125 914 Cyphophthalmi
2170 832 2341 913 JOS.)
2379 816 2797 912 'conjunctum
2846 852 2962 894 uno

715 939 927 1000 ordine
996 938 1291 1019 singulari
1338 938 1757 1017 Arachnidum
1832 938 2190 1018 complexus
2260 948 2389 1014 est,
2460 940 2562 1020 qui
2619 939 2959 1020 Cyphoph-

714 1047 1026 1108 thalmidae
1065 1031 1436 1125 appellatus,
1485 1047 1732 1107 ordines
1760 1046 2111 1125 Opilionum
2138 1057 2200 1107 et
2228 1046 2746 1108 Chelonethorum
2776 1049 2958 1108 Thor.

716 1154 1126 1235 (Chernetum
1174 1155 1350 1235 olim)
1400 1150 1768 1216 connectere
1817 1155 2059 1216 dicitur.

887 1263 1092 1342 Opera
1141 1262 1483 1323 doctissimi
1521 1262 1806 1338 Stecker,
1857 1260 2287 1325 Gibbocellum
2330 1262 2691 1335 tractantia,
2739 1281 2960 1322 recen-

715 1389 850 1431 sere
900 1371 1163 1430 antehac
1211 1369 1397 1431 nolui.
1456 1398 1481 1417 κ
1513 1369 1694 1439 Quod
1753 1379 1821 1430 ut
1875 1370 2132 1444 faciam,
2194 1372 2322 1449 jam
2385 1389 2603 1449 cogor,
2675 1372 2817 1449 quia
2872 1370 2959 1431 ill.

716 1477 997 1551 Thorell‚
1091 1478 1505 1556 descriptione
1585 1477 1958 1538 doctissimi>
2002 1477 2267 1538 Stecker
2343 1479 2681 1552 adductUS,
2771 1498 2962 1558 genus

716 1583 1064 1646 Gibbocelli
1133 1605 1210 1645 ex
1279 1584 1491 1646 ordine
1560 1584 1912 1664 Opilionum
1979 1585 2182 1665 rejicit
2248 1595 2309 1645 et
2380 1584 2578 1645 ordini
2649 1585 2961 1647 Chelone-

713 1692 956 1753 thorum
1001 1692 1238 1753 inserit.
1328 1776 1333 1779 1
1921 1692 1924 1695 ’

893 1907 973 1969 Ut
1049 1907 1271 1988 aliquis
1353 1908 1719 1988 positionem
1802 1909 2262 1988 systematicam
2303 1910 2630 1971 ·animalis
2705 1909 2967 1989 alicujus

712 2015 993 2094 judicare
1040 2018 1273 2094 possit,
1337 2035 1593 2077 necesse
1642 2026 1770 2090 est,
1836 2035 1955 2077 non
2001 2019 2244 2078 modum
2292 2017 2488 2097 ipsum
2538 2018 2765 2079 animal
2810 2019 2967 2078 bene

721 2123 1220 2201 perlustravisse‚
1270 2125 1380 2184 sed
1417 2126 1602 2185 etiam
1647 2143 2023 2203 congeneres
2065 2127 2196 2205 ejus
2235 2126 2620 2206 cognovisse.
2692 2125 2965 2195 Quarum

718 2250 918 2293 rerum
966 2231 1168 2292 neutri
1214 2232 1609 2293 doctissimus
1660 2232 1924 2294 Stecker
1969 2233 2298 2295 satisfacit.
2611 2305 2616 2308 p

886 2339 981 2398 De
1021 2348 1333 2401 structura
1368 2341 1490 2401 oris
1529 2338 1623 2423 (p.
1652 2338 1811 2423 308)
1849 2341 2101 2402 dicitur:
2160 2342 2395 2403 »Ueber
2434 2343 2531 2403 die
2555 2342 2965 2403 Beschaffen-

718 2447 845 2508 heit
880 2447 991 2507 der
1013 2449 1563 2528 Mundwerkzeuge
1600 2449 1766 2508 kann
1790 2449 1890 2510 ich
1932 2496 1945 2509 .
1977 2497 1989 2510 .
2021 2497 2034 2510 .
2073 2448 2276 2510 nichts
2304 2449 2593 2511 Sicheres
2619 2450 2965 2527 angebena;

713 2575 774 2634 p.
823 2555 949 2619 309
1005 2563 1212 2617 tamen
1273 2556 1525 2618 dicitur:
1607 2576 1764 2618 »was
1824 2557 1920 2618 die
1979 2557 2528 2636 Mundwerkzeuge
2586 2576 2704 2617 von
2763 2557 2964 2618 Gibo-

717 2662 937 2724 cellum
987 2664 1342 2744 anbelangt‚
1392 2665 1687 2726 scheinen
1733 2664 1848 2725 mir
1885 2664 2197 2726 dieselben
2232 2684 2349 2726 von
2390 2666 2506 2726 den
2545 2665 2968 2726 betreffenden

717 2771 1005 2851 Organen
1051 2772 1151 2834 bei
1198 2773 1882 2855 Cyphophthalmus¹)‚
1953 2774 2134 2835 sowie
2193 2774 2348 2835 auch
2408 2776 2523 2836 den
2586 2794 2653 2835 so
2702 2773 2967 2863 trefflich

720 2899 837 2941 von
884 2881 1041 2942 Tulk
1098 2881 1581 2943 beschriebenen
1627 2882 2093 2960 Mundorganen
2142 2902 2258 2942 von
2306 2883 2709 2962 Phalangium
2756 2875 2969 2960 opilio,

724 2988 1197 3050 unterschieden
1244 3009 1317 3050 zu
1367 2990 1531 3064 sein3
1581 3009 1678 3050 am
1726 2991 1986 3050 meisten
2028 2991 2270 3052 wiirden
2311 2991 2398 3050 sie
2436 2992 2555 3051 den
2590 3010 2708 3050 von
2743 2990 2969 3067 Menge

889 3302 1108 3356 Orificia
1161 3304 1550 3374 glandularum
1604 3303 1936 3357 foetidamm
1992 3306 2242 3363 detecta,
2310 3319 2448 3372 erga
2515 3303 2752 3373 spatium
2819 3304 2968 3358 inter

884 3405 1080 3442 coxam
1106 3390 1333 3458 primam
1359 3397 1416 3441 et
1440 3405 1636 3442 coxam
1667 3392 1980 3448 secundam,
2028 3390 2273 3458 paullum
2310 3395 2439 3442 ante
2475 3389 2633 3442 basin
2680 3391 2965 3445 oculorum

885 3474 1090 3542 posita,
1140 3475 1385 3528 foveolas
1433 3477 1719 3536 rotundam,
1766 3494 1871 3528 non
1918 3476 2243 3544 profundaS,
2290 3474 2507 3527 efficere
2541 3474 2669 3526 mihi
2715 3477 2968 3531 videntur

885 3559 1034 3628 (ipsa
1092 3566 1386 3630 apertura,
1457 3570 1521 3612 ut
1578 3560 1633 3613 in
1679 3561 2069 3629 Palpatoribus
2115 3561 2314 3630 vulgo,
2381 3559 2616 3612 difficilis
2663 3562 2828 3632 visu).
2883 3594 2960 3602 --

886 3645 1177 3713 Spiracula
1221 3648 1460 3706 detecta,
1508 3646 1704 3698 leviter
1739 3647 1931 3700 lunata
1957 3645 2361 3715 (verosimiliter
2384 3646 2739 3714 cancellata),
2789 3665 2967 3717 prope

888 3729 1082 3793 sinum,
1129 3733 1397 3784 abdomen
1442 3748 1477 3784 a
1520 3749 1667 3785 coxa
1711 3741 1911 3803 quarta
1957 3738 2326 3802 separantem,
2372 3732 2573 3799 posita.

972 3818 1091 3870 Hoc
1158 3817 1431 3886 specimen
1501 3817 1717 3870 unicum
1784 3818 2112 3871 dissectione
2179 3816 2392 3868 diruere
2421 3882 2426 3887 ⁸
2458 3815 2636 3879 nolui;
2718 3834 2827 3889 qua
2892 3820 2967 3871 de

786 3909 789 3910 ’
885 3918 1057 3957 causa
1101 3910 1249 3955 certe
1294 3904 1541 3955 decidere
1585 3920 1828 3972 nequeo:
1881 3913 2064 3957 utrum
2109 3904 2338 3973 clypeus
2386 3909 2444 3954 et
2486 3903 2700 3956 labrum
2748 3904 2853 3972 (ita
2897 3912 2968 3957 ut

885 3987 1013 4039 mihi
1059 3988 1300 4056 videtur)
1347 3989 1588 4041 discreta
1634 3977 1772 4049 sint,
1832 4007 2042 4048 annom
2113 4006 2218 4057 quo
2263 3989 2420 4040 modo
2465 3986 2671 4043 labium
2718 3990 2967 4042 sternale

884 4072 1024 4125 lobis
1091 4073 1473 4127 maxillaribus
1535 4074 1939 4143 conjungatur;
2005 4081 2187 4127 utrum
2246 4090 2326 4125 eae
2382 4090 2502 4132 res,
2573 4092 2695 4146 quae
2756 4075 2971 4128 crificia.

884 4159 1272 4228 glandularum
1329 4159 1655 4212 foetidamm
1712 4167 1770 4212 et
1827 4161 2108 4231 spiracula,
2152 4159 2427 4227 judicavi,
2495 4161 2662 4214 etiam
2715 4178 2774 4212 re
2830 4178 2972 4215 vera.

885 4244 1005 4296 hoec
1052 4261 1264 4316 organa
1310 4244 1419 4298 sint
1464 4261 1664 4298 annon.

776 4327 826 4400 1)
896 4331 1185 4384 Lectorem
1242 4330 1559 4400 diligentem
1615 4349 1724 4384 non
1769 4331 1993 4401 effugit,
2063 4329 2432 4384 doctissimum
2483 4330 2744 4393 Stecker‚
2812 4339 2970 4385 trac-

887 4422 1041 4469 tatus
1090 4433 1217 4469 suos
1265 4418 1332 4468 de
1379 4417 1699 4471 Gibbocello
1746 4419 2104 4486 redigentem,
2155 4415 2698 4487 Cyphophthalmum
2743 4425 2974 4473 tantum

888 4519 919 4554 e
962 4501 1297 4556 tractatibus
1344 4503 1529 4558 citatis
1574 4502 1806 4558 illustris
1852 4502 2063 4574 Joseph
2108 4501 2451 4573 cognovisse.
