3281 5461
1746 426 2068 523 ⁵58„

863 632 1213 719 Opusculo,
1254 633 1427 692 hisce
1475 630 1799 692 annalibus
1846 631 2067 691 abhinc
2115 633 2393 693 undecim
2445 639 2639 705 annos
2685 631 2936 707 insert0,
3024 644 3037 656 ·

691 743 889 803 tribus
935 740 1314 820 principales
1362 739 1592 800 ordinis
1640 738 1992 817 Opilionum
2040 747 2354 800 structura
2400 738 2618 800 sceleti
2673 738 2937 811 cutanei,

586 882 595 893 κ
692 850 1083 928 trophorum,
1144 849 1368 926 pedum
1417 847 1862 924 gressoriorum
1909 839 2166 907 fundare
2215 856 2475 908 conatus
2523 866 2676 915 sum.
2781 845 2937 906 Illud
2999 910 3004 911 ff

695 955 1055 1034 opusculum
1100 953 1348 1017 fortuna
1393 974 1468 1015 ea
1513 974 1689 1015 usum
1738 963 1856 1028 est,
1904 963 1972 1015 ut
2017 955 2295 1033 placeret
2329 954 2577 1015 Thorell
2614 964 2675 1014 et
2706 953 2939 1026 Simon,

697 1064 841 1123 viris
898 1063 1369 1137 illustrissimis,
1440 1063 1538 1141 qui
1599 1061 1925 1141 systemati
1983 1063 2163 1141 hujus
2221 1062 2453 1122 ordinis
2511 1048 2941 1123 constituendo

695 1181 918 1248 postea
953 1190 1199 1249 operam
1242 1171 1565 1243 dederunt,
1613 1171 1911 1230 rationem
1952 1169 2292 1243 divisionis,
2336 1190 2373 1230 a
2409 1190 2502 1230 me
2540 1169 2942 1248 propositam,
3055 1160 3060 1165 ’

696 1280 914 1338 secuti.
1027 1278 1124 1339 ΙΙΙ.
1175 1276 1423 1338 Thorell
1479 1286 1684 1337 tamen
1737 1277 1968 1358 (1876)
2016 1278 2249 1351 tribuS,
2320 1298 2472 1358 quas
2521 1296 2633 1355 ego
2681 1275 2945 1337 familias

697 1385 1221 1467 (Opilionidarum
1282 1395 1344 1446 et
1393 1382 1980 1467 Gonyleptidarum)
2040 1384 2382 1463 appellavi,
2453 1387 2530 1444 ad
2584 1384 2946 1464 dignitatem

698 1493 1091 1554 subordinum
1142 1493 1384 1577 extulit,
1446 1511 1597 1571 quos
1645 1491 2014 1570 Palpatores
2061 1500 2128 1553 et
2172 1493 2539 1555 Laniatores
2587 1491 2944 1553 nominavit.

698 1600 879 1670 Quod
926 1600 1059 1661 sine
1097 1601 1277 1661 dubio
1320 1582 1551 1660 rectius
1589 1607 1730 1672 est„
1758 1594 2151 1679 quamobrem
2189 1619 2300 1678 ego
2339 1620 2575 1680 quoque
2611 1599 2708 1659 his
2745 1598 2945 1658 nomi-

696 1710 874 1769 nibus
912 1710 1039 1787 jam
1089 1717 1249 1769 utar.
1320 1709 1528 1770 Etiam
1571 1706 1717 1767 mihi
1753 1707 1997 1767 videtur
2035 1708 2373 1767 cedendum
2413 1727 2552 1767 esse
2590 1706 2948 1767 auctoritati

698 1817 992 1895 singulari
1039 1817 1218 1895 hujus
1264 1814 1666 1875 illustrissimi
1727 1815 1840 1873 viri
1899 1815 1957 1873 in
2007 1816 2284 1874 omnibus
2331 1816 2548 1888 rebus,
2616 1815 2696 1875 ad
2754 1833 2942 1894 syno-

702 1925 965 2004 nymiam
1013 1924 1432 1986 Arachnidum
1491 1923 1974 2001 pertinentibuS,
2056 1922 2147 1982 ita
2212 1930 2282 1983 ut'
2346 1922 2552 1982 indam
2618 1921 2739 2001 ipsi
2808 1922 2943 1981 huic

701 2031 909 2091 ordini
947 2030 1365 2092 Arachnidum
1404 2048 1649 2124 ⁸nomen
1695 2029 2045 2108 Opilionum
2101 2049 2214 2090 nec
2263 2038 2332 2091 ut
2377 2038 2561 2090 antea
2607 2028 2942 2105 Phalangi-

701 2142 936 2199 dorum.
1046 2139 1177 2198 Has
1236 2137 1429 2198 tribus
1484 2136 1573 2197 ill.
1624 2137 1833 2197 Simon
1884 2137 2066 2197 etiam
2117 2137 2478 2198 subordines
2527 2115 2736 2216 putat,
2795 2155 2947 2216 quos

700 2246 1163 2326 Plagiostethos
1223 2253 1286 2306 et
1329 2235 1755 2306 Mecostetlios
1806 2246 2230 2326 (Arachnides
2289 2246 2364 2304 de
2413 2247 2670 2306 France.
2749 2242 2946 2322 1879)

700 2355 1055 2415 nominavit.
1181 2353 1446 2414 Nomina
1513 2362 1720 2413 autem
1788 2352 2184 2432 Palpatorum
2256 2362 2336 2413 et.
2385 2353 2781 2413 Laniatorum
2850 2350 2948 2410 his

702 2463 1086 2541 praeferenda
1131 2438 1305 2535 sunt,
1367 2479 1485 2520 non
1534 2460 1713 2520 modo
1761 2460 1922 2540 quod
1968 2459 2094 2531 illa,
2155 2464 2402 2521 easdem
2451 2461 2669 2532 tribuS,
2727 2459 2947 2519 iisdem

700 2570 919 2630 finibus
976 2569 1377 2642 terminatas,
1451 2567 1895 2647 significantia,
1963 2568 2307 2629 vetustiora
2365 2576 2537 2643 sunt3
2606 2568 2717 2627 sed
2763 2566 2947 2626 etiam

703 2678 861 2757 quod
909 2676 996 2737 ill.
1050 2676 1262 2738 Simon
1306 2677 1383 2737 iis
1429 2675 1678 2737 nomina
1719 2675 2275 2754 Plagiostethorum
2326 2684 2390 2736 et
2423 2675 2949 2737 Mecostethorum

703 2786 951 2846 dedisse
992 2784 1255 2860 videtur,
1305 2784 1465 2864 quod
1503 2782 1597 2844 his
1632 2783 1978 2861 significare
2014 2782 2228 2858 voluit,
2275 2782 2718 2861 longitudinem
2759 2782 2950 2843 sterni

704 2894 821 2954 sibi
868 2891 1237 2972 praevalere3
1308 2892 1405 2951 cui
1461 2891 1550 2951 rei
1604 2890 1668 2951 in
1714 2883 2010 2970 opusculo
2058 2910 2191 2951 meo
2240 2890 2335 2974 (p.
2383 2890 2542 2975 504)
2590 2891 2787 2952 minus
2831 2890 2950 2950 tri-

706 3003 988 3075 bueram;
1037 3001 1195 3080 quod
1236 3000 1418 3059 etiam
1457 2998 1544 3058 ill.
1573 2998 1823 3058 Thorell
1858 3000 2198 3072 confirmat,
2247 3000 2321 3061 de
2358 2999 2701 3062 Sironoidis
2727 2998 2951 3082 (1882,

699 3129 759 3188 p.
799 3107 915 3191 33)
954 3109 1086 3168 haec
1129 3108 1373 3168 dicens:
1445 3105 1828 3185 „Longitudo
1877 3108 2068 3167 sterni
2112 3108 2171 3167 in
2220 3106 2456 3182 familia
2490 3107 2953 3169 Sironoidarum

699 3215 882 3277 valde
927 3217 1243 3277 variabilis
1293 3200 1448 3276 satis
1496 3216 1902 3287 demonstrat,
1950 3223 2131 3275 notas
2181 3235 2258 3275 ex
2305 3215 2668 3276 differentiis
2707 3216 2767 3275 in
2808 3214 2949 3274 lon-

700 3324 972 3403 gitudine
1029 3325 1209 3403 hujus
1267 3306 1463 3402 partis
1522 3324 1882 3400 desumptas
1936 3323 2101 3384 nullo
2153 3324 2328 3384 modo
2377 3326 2511 3403 ejus
2559 3343 2699 3384 esse
2746 3322 2950 3401 pretii,

699 3441 767 3492 ut
846 3434 924 3493 ad
993 3431 1371 3493 Subordines
1452 3431 1511 3491 in
1592 3428 1942 3508 Opilionum
2024 3431 2254 3492 Ordine
2336 3431 2714 3492 definiendas
2795 3430 2950 3489 satis

700 3540 1014 3601 valeant«.
1238 3515 1244 3522 .
2017 3549 2022 3554 ⁴

873 3648 1020 3710 Sine
1068 3648 1250 3709 dubio
1298 3647 1485 3709 etiam
1532 3648 1848 3727 longitudo
1898 3645 2164 3729 sterni¹)
2212 3647 2440 3719 effecit,
2489 3657 2555 3708 ut
2599 3645 2686 3707 ill.
2738 3644 2952 3705 Simon

703 3757 997 3818 familiam
1066 3756 1528 3818 Sironoidarum
1600 3755 2297 3837 (Cyphophthalmoidis
2353 3755 2590 3832 Joseph
2675 3773 2949 3833 synony-

701 3863 970 3947 marum)
1039 3863 1219 3925 simul
1287 3885 1422 3926 cum
1489 3863 1726 3926 familia
1772 3862 2370 3936 Gibbocellidarum,
2463 3882 2495 3922 e
2554 3853 2776 3941 genere
2834 3860 2954 3922 sibi

761 4077 809 4154 ¹)
880 4081 1037 4135 Oculi
1082 4081 1224 4134 enim
1269 4081 1646 4149 pedunculati,
1712 4098 1940 4152 quorum
1985 4089 2217 4149 uterque
2265 4096 2380 4132 suae
2426 4078 2732 4132 eminentiae
2777 4077 2951 4147 impo-

877 4168 1015 4220 situs
1061 4174 1178 4228 est,
1247 4168 1618 4220 characterem
1681 4167 2081 4220 memorabilem
2127 4166 2410 4233 praebent,
2480 4164 2570 4235 qui
2616 4171 2798 4217 tamen
2843 4182 2953 4217 non

878 4253 1281 4308 Sironoidarum
1325 4254 1582 4322 proprius
1628 4259 1746 4312 est,
1818 4270 1982 4323 quum
2038 4250 2203 4304 etiam
2247 4249 2543 4319 generibus
2577 4250 2952 4303 *Dicranolas-

874 4339 1036 4392 matis
1083 4345 1141 4391 et
1164 4338 1398 4407 Amopai
1443 4357 1473 4390 e
1516 4337 1809 4391 subordine
1831 4338 2209 4406 Palpatorum‚
2257 4342 2333 4396 et,
2381 4336 2426 4387 si
2451 4336 2607 4395 velis,
2653 4335 2951 4405 generibus

878 4424 1279 4478 Goniosomatis
1325 4431 1382 4477 et
1408 4423 1605 4476 Asarci
1651 4429 1709 4476 et
1752 4424 1874 4477 aliis
1921 4441 1951 4475 e
1998 4417 2290 4475 subordine
2312 4421 2680 4474 Laniatorum·
2720 4428 2956 4491 uterque

878 4511 1069 4564 oculus
1118 4527 1233 4563 suae
1279 4509 1586 4562 eminentiae
1632 4509 1921 4579 impositus
1969 4507 2058 4561 sit.
