3281 5461
1421 433 1542 497 571

314 646 319 649 “
368 638 898 699 Cosmetoidarum
960 647 1059 700 sat
1120 637 1339 701 debilis
1398 648 1524 701 est:
1596 659 1715 701 non
1764 639 1963 701 aculei
2010 640 2123 700 sed
2168 642 2317 699 seta»
2366 639 2613 711 adsunt,

365 755 429 806 et
473 764 837 825 processuS,
898 746 1116 825 quibus
1160 747 1466 827 impositae
1515 757 1689 822 sunt,
1760 749 2071 809 confluunt
2115 746 2446 825 marginem
2495 763 2610 805 ex-

363 862 679 916 tenuatum
728 853 974 915 artiCuli
1019 854 1388 930 formantes3
1463 875 1674 936 margo
1719 865 1927 919 tamen
1972 856 2276 916 interdum
2326 860 2615 913 crenatus
2699 931 2703 935 .

365 963 658 1042 originem
706 981 880 1023 suum
930 962 1333 1025 demonstrat.
1411 966 1480 1025 In
1524 964 1729 1044 palpis
1765 963 2166 1025 Laniatorum
2215 960 2614 1041 quorundam,

362 1070 534 1131 velut
590 1070 942 1150 Discocyrti
1008 1071 1344 1132 testudinei
1401 1073 1736 1150 Holmberg
1804 1080 1866 1132 et
1931 1071 1991 1131 in
2057 1073 2249 1132 latere
2308 1068 2614 1129 exteriore

363 1177 685 1259 palpormn
750 1177 1056 1239 Assamiae
1124 1180 1589 1240 Westermanni
1658 1201 1717 1240 n.
1769 1200 1861 1259 sp.
1934 1179 2260 1239 manifeste
2331 1183 2613 1255 apparet,

364 1305 729 1366 processuS,
811 1286 1029 1365 quibus
1100 1286 1297 1348 aculei
1365 1287 1671 1366 impositi,
1740 1290 1818 1349 ab
1880 1289 2015 1366 ipso
2077 1286 2262 1366 palpo
2322 1283 2612 1344 distincte

363 1393 661 1455 limitatos
730 1414 851 1454 non
921 1413 1058 1455 esse
1130 1395 1240 1455 sed
1307 1395 1444 1456 basi
1513 1396 1853 1457 crassiores
1922 1414 2093 1469 esse,
2175 1384 2274 1454 ¹ita
2347 1401 2414 1453 ut
2480 1389 2615 1450 basi

363 1503 693 1563 confluant.

534 1610 667 1671 Nec
716 1609 950 1671 orificia
988 1609 1411 1690 glandularum
1451 1611 1818 1673 foetidarum
1856 1630 1968 1670 nec
2008 1608 2331 1679 emissaria
2364 1605 2615 1686 liquoris

366 1717 582 1778 foetidi
651 1738 762 1779 nec
834 1717 988 1779 sulci
1060 1719 1400 1779 transversi
1468 1719 1624 1779 scuti
1707 1718 2010 1780 dorsualis
2081 1715 2510 1778 Cosmetoidas
2579 1732 2616 1772 a

369 1826 806 1915 Laniatoribus
854 1826 1079 1887 ceteris
1127 1815 1307 1887 acute
1355 1826 1733 1913 discernunt.
1826 1826 2024 1897 Quam
2073 1823 2362 1886 familiam
2410 1831 2616 1882 tamen

361 1933 621 2007 retine0,
671 1934 813 2013 quia
832 1933 1283 2014 Gonyleptides
1312 1934 1380 1997 O.
1409 1934 1482 1996 L.
1511 1935 1689 1996 Koch
1725 1935 1922 1996 tribus
1960 1932 2305 2012 complures
2341 1930 2616 2010 ejusdem

367 2041 686 2120 dignitatis
736 2042 1077 2116 continent,
1127 2043 1300 2121 cujus
1351 2042 1763 2110 Cosmetoidae
1812 2050 1973 2104 sunt.

528 2257 796 2337 Species
882 2258 1256 2319 describenti
1324 2259 1473 2320 mihi
1540 2259 1789 2321 difficile
1857 2260 1973 2321 fuit
2040 2278 2148 2320 eas
2217 2253 2613 2338 systematice

364 2366 711 2444 disponere.
803 2365 1031 2440 ·Nam,
1112 2368 1274 2446 quod
1331 2375 1518 2428 antea
1571 2367 1793 2429 iterum
1850 2368 2018 2441 urxi,
2106 2386 2334 2447 genera
2390 2365 2465 2424 ab
2522 2360 2610 2421 ill.

364 2473 434 2534 O.
472 2475 546 2534 L.
588 2473 766 2534 Koch
807 2481 1041 2548 creata,
1091 2474 1553 2536 fundamentum
1602 2477 1959 2555 systematis
1985 2474 2320 2555 amplioris
2369 2471 2613 2533 efficere

363 2592 693 2660 nequeunt.
763 2581 978 2660 Neque
1027 2581 1350 2661 dispositio
1399 2601 1710 2660 generum,
1760 2603 1879 2664 qua
1923 2584 2009 2644 ill.
2040 2584 2254 2646 Simon
2300 2600 2447 2642 usus
2495 2586 2614 2649 est,

362 2688 489 2751 tale
547 2687 1011 2776 fundamentum
1069 2691 1311 2751 efficere
1368 2691 1516 2752 mihi
1565 2691 1825 2753 videtur.
1934 2690 2305 2770 Systematis
2355 2694 2612 2749 conatus

366 2806 828 2859 antecessorum
878 2798 1049 2877 sequi
1098 2818 1169 2859 eo
1216 2798 1413 2860 minus
1461 2818 1719 2879 neque0‚
1775 2801 1934 2879 quod
1984 2797 2447 2861 characteribus
2493 2814 2612 2854 non

365 2906 695 2990 usitsunt,
768 2905 869 2984 qui
924 2907 1214 2970 momenti
1270 2926 1392 2966 non
1449 2907 1620 2986 parvi
1684 2927 1823 2969 esse
1880 2908 2027 2969 mihi
2072 2909 2385 2970 videntur:
2455 2902 2614 2963 ratio

369 3012 731 3074 orificiorum
802 3013 1229 3092 glandularum
1299 3014 1664 3075 foetidarum
1728 3023 1791 3076 et
1850 3016 2303 3077 emissariorum
2362 3010 2615 3091 liquoris

364 3120 613 3195 foetidi3
683 3121 832 3182 item
890 3121 1122 3182 numeri
1181 3121 1485 3183 sulcorum
1537 3132 2031 3185 transversorum
2080 3122 2237 3184 scuti
2285 3118 2612 3183 dorsualis.
2699 3161 2706 3168 .

365 3226 592 3297 Quanti
642 3229 936 3290 momenti
982 3228 1136 3289 sulci
1195 3230 1535 3290 transversi
1593 3232 1755 3292 scuti
1814 3231 1968 3306 sint,
2036 3231 2183 3292 mihi
2244 3248 2362 3291 non
2430 3226 2614 3306 plane

364 3337 647 3414 apparet.
782 3336 941 3397 Illud
1011 3344 1244 3403 certum
1317 3344 1443 3411 est,
1518 3338 1689 3399 sulco
1758 3339 1968 3419 quinto
2031 3333 2611 3421 (Pachyloidarum)

365 3444 873 3522 significationem
935 3444 1118 3505 aliam
1167 3464 1305 3505 esse
1365 3465 1543 3524 quam
1603 3447 1849 3509 ceteris.
1956 3448 2037 3508 Hi
2096 3447 2252 3508 enim
2311 3442 2612 3520 limites¹)

364 3559 523 3612 sunt.
541 3550 1079 3629 cephalothoracis
1107 3560 1169 3613 et
1194 3560 1645 3631 segmentorum
1674 3555 2145 3617 abdominalium
2176 3550 2613 3636 (dorsualium)

366 3666 626 3738 quatuor
683 3659 1090 3734 anteriorum,
1161 3679 1293 3739 quae
1347 3680 1554 3722 secum
1603 3672 1664 3723 et
1712 3683 1846 3724 cum
1894 3662 2413 3742 cephalothorace
2445 3678 2610 3748 §coa-

364 3766 568 3840 luere3
638 3765 845 3828 sulcus
917 3767 1163 3847 quintus
1216 3777 1428 3833 ,autem
1490 3770 1813 3850 impressio
1870 3779 2110 3832 tantum
2169 3779 2296 3843 est,
2368 3767 2612 3828 limbum

365 3874 767 3954 posteriorem
818 3875 977 3936 scuti
1023 3875 1406 3937 abscidens.·'
1488 3879 1692 3939 Etiam
1740 3880 1855 3939 hoc
1916 3888 2150 3939 certum
2210 3885 2339 3950 est,
2409 3874 2614 3935 sulcos

366 3990 629 4062 quatuor
656 3981 1260 4066 cosmetoidarun11)
1299 3984 1526 4047 limites
1565 3980 1940 4065 (saepissime
1979 3986 2178 4047 minus
2216 3984 2614 4066 manifestos)

367 4089 906 4172 cephalothoracis
967 4102 1028 4152 et
1085 4101 1536 4171 segmentorum
1597 4094 2071 4156 abdominalium
2124 4101 2385 4174 quatuor
2430 4100 2614 4153 ante-

365 4181 593 4259 riorum
642 4185 817 4259 esse.
917 4198 1043 4260 Sed
1102 4183 1218 4279 quo
1266 4201 1652 4264 modo.sulci
1699 4203 2038 4263 transversi
2087 4210 2349 4282 quatuor
2397 4200 2612 4282 Gony-

429 4426 480 4498 1)
536 4431 871 4502 Inspiciatur
913 4439 1190 4486 tractatus
1237 4452 1389 4490 meus
1448 4436 1581 4488 »Om
1627 4436 1960 4506 Bygningen
2004 4437 2068 4489 af
2109 4436 2606 4506 Gonyleptiderne«

536 4535 592 4587 p.
634 4518 753 4571 126.
